time,open,high,low,close,volume,amount,bid1,bid1_vol,ask1,ask1_vol
1770773403000.0,1.119,1.12,1.119,1.12,20778.0,2325549.000000001,0.0,0.0,0.0,0.0
1770773406000.0,1.12,1.12,1.12,1.12,2012.0,225347.0,0.0,0.0,0.0,0.0
1770773409000.0,1.12,1.12,1.12,1.12,69.0,7732.000000001863,0.0,0.0,0.0,0.0
1770773412000.0,1.12,1.12,1.119,1.119,5325.0,596182.9999999981,0.0,0.0,0.0,0.0
1770773415000.0,1.119,1.121,1.119,1.121,3730.0,417427.0,0.0,0.0,0.0,0.0
1770773418000.0,1.121,1.121,1.12,1.12,2545.0,284831.0,0.0,0.0,0.0,0.0
1770773421000.0,1.12,1.12,1.12,1.12,1058.0,118496.0,0.0,0.0,0.0,0.0
1770773424000.0,1.12,1.12,1.12,1.12,1226.0,137308.0,0.0,0.0,0.0,0.0
1770773427000.0,1.12,1.12,1.12,1.12,148.0,16576.0,0.0,0.0,0.0,0.0
1770773430000.0,1.12,1.12,1.12,1.12,250.0,28000.0,0.0,0.0,0.0,0.0
1770773433000.0,1.12,1.12,1.12,1.12,150.0,16797.999999998137,0.0,0.0,0.0,0.0
1770773436000.0,1.12,1.12,1.12,1.12,589.0,65968.00000000186,0.0,0.0,0.0,0.0
1770773439000.0,1.12,1.122,1.12,1.122,4607.0,516858.00000000186,0.0,0.0,0.0,0.0
1770773442000.0,1.122,1.123,1.122,1.123,15824.0,1776682.9999999981,0.0,0.0,0.0,0.0
1770773445000.0,1.123,1.123,1.123,1.123,10883.0,1222161.0,0.0,0.0,0.0,0.0
1770773448000.0,1.123,1.123,1.123,1.123,2074.0,233058.00000000186,0.0,0.0,0.0,0.0
1770773451000.0,1.123,1.123,1.123,1.123,70.0,7860.999999998137,0.0,0.0,0.0,0.0
1770773454000.0,1.123,1.125,1.123,1.125,9423.0,1060068.0,0.0,0.0,0.0,0.0
1770773457000.0,1.125,1.125,1.125,1.125,698.0,78403.00000000186,0.0,0.0,0.0,0.0
1770773460000.0,1.125,1.125,1.125,1.125,270.0,30374.999999998137,0.0,0.0,0.0,0.0
1770773463000.0,1.125,1.125,1.125,1.125,1939.0,218079.0,0.0,0.0,0.0,0.0
1770773466000.0,1.125,1.125,1.125,1.125,315.0,35438.00000000186,0.0,0.0,0.0,0.0
1770773469000.0,1.125,1.125,1.125,1.125,4397.0,494662.0,0.0,0.0,0.0,0.0
1770773472000.0,1.125,1.1260000000000001,1.125,1.1260000000000001,12961.0,1459774.9999999981,0.0,0.0,0.0,0.0
1770773475000.0,1.1260000000000001,1.1280000000000001,1.1260000000000001,1.1280000000000001,189.0,21319.000000003725,0.0,0.0,0.0,0.0
1770773478000.0,1.1280000000000001,1.1280000000000001,1.1280000000000001,1.1280000000000001,141.0,15904.999999996275,0.0,0.0,0.0,0.0
1770773481000.0,1.1280000000000001,1.1280000000000001,1.127,1.127,3921.0,442269.0,0.0,0.0,0.0,0.0
1770773484000.0,1.127,1.127,1.127,1.127,11231.0,1265795.0,0.0,0.0,0.0,0.0
1770773487000.0,1.127,1.127,1.127,1.127,4014.0,452399.0,0.0,0.0,0.0,0.0
1770773490000.0,1.127,1.127,1.1260000000000001,1.1260000000000001,2675.0,301257.0000000037,0.0,0.0,0.0,0.0
1770773493000.0,1.1260000000000001,1.127,1.1260000000000001,1.127,102.0,11494.999999996275,0.0,0.0,0.0,0.0
1770773496000.0,1.127,1.127,1.1260000000000001,1.1260000000000001,10863.0,1223174.0000000037,0.0,0.0,0.0,0.0
1770773499000.0,1.1260000000000001,1.1260000000000001,1.1260000000000001,1.1260000000000001,396.0,44599.999999996275,0.0,0.0,0.0,0.0
1770773502000.0,1.1260000000000001,1.1260000000000001,1.1260000000000001,1.1260000000000001,3736.0,420674.0,0.0,0.0,0.0,0.0
1770773505000.0,1.1260000000000001,1.1260000000000001,1.125,1.125,4010.0,451516.0000000037,0.0,0.0,0.0,0.0
1770773508000.0,1.125,1.1260000000000001,1.125,1.1260000000000001,125.0,14075.0,0.0,0.0,0.0,0.0
1770773511000.0,1.1260000000000001,1.1260000000000001,1.1260000000000001,1.1260000000000001,133.0,14974.999999996275,0.0,0.0,0.0,0.0
1770773514000.0,1.1260000000000001,1.1260000000000001,1.125,1.125,11066.0,1244938.9999999963,0.0,0.0,0.0,0.0
1770773517000.0,1.125,1.1260000000000001,1.125,1.1260000000000001,4035.0,454113.0000000037,0.0,0.0,0.0,0.0
1770773520000.0,1.1260000000000001,1.1260000000000001,1.125,1.125,19260.0,2164867.0000000037,0.0,0.0,0.0,0.0
1770773523000.0,1.125,1.1260000000000001,1.125,1.1260000000000001,6692.0,753113.0,0.0,0.0,0.0,0.0
1770773526000.0,1.1260000000000001,1.127,1.1260000000000001,1.127,12054.0,1358329.9999999963,0.0,0.0,0.0,0.0
1770773529000.0,1.127,1.127,1.125,1.125,29234.0,3290195.0000000037,0.0,0.0,0.0,0.0
1770773532000.0,1.125,1.125,1.125,1.125,2820.0,317249.9999999963,0.0,0.0,0.0,0.0
1770773535000.0,1.125,1.125,1.125,1.125,76.0,8548.999999996275,0.0,0.0,0.0,0.0
1770773538000.0,1.125,1.125,1.125,1.125,1168.0,131401.00000000373,0.0,0.0,0.0,0.0
1770773541000.0,1.125,1.125,1.125,1.125,348.0,39119.0,0.0,0.0,0.0,0.0
1770773544000.0,1.125,1.125,1.124,1.124,460.0,51736.999999996275,0.0,0.0,0.0,0.0
1770773547000.0,1.124,1.125,1.124,1.125,93.0,10463.000000003725,0.0,0.0,0.0,0.0
1770773550000.0,1.125,1.125,1.123,1.123,330.0,37059.0,0.0,0.0,0.0,0.0
1770773553000.0,1.123,1.123,1.123,1.123,583.0,65471.000000003725,0.0,0.0,0.0,0.0
1770773556000.0,1.123,1.123,1.123,1.123,150.0,16854.999999996275,0.0,0.0,0.0,0.0
1770773559000.0,1.123,1.123,1.123,1.123,1123.0,126122.0,0.0,0.0,0.0,0.0
1770773562000.0,1.123,1.123,1.122,1.122,537.0,60271.000000003725,0.0,0.0,0.0,0.0
1770773568000.0,1.122,1.122,1.122,1.122,300.0,33633.0,0.0,0.0,0.0,0.0
1770773571000.0,1.122,1.122,1.122,1.122,1102.0,123543.99999999627,0.0,0.0,0.0,0.0
1770773574000.0,1.122,1.122,1.12,1.12,203.0,22753.0,0.0,0.0,0.0,0.0
1770773577000.0,1.12,1.121,1.12,1.121,6537.0,732789.0,0.0,0.0,0.0,0.0
1770773580000.0,1.121,1.122,1.121,1.122,2598.0,291496.0,0.0,0.0,0.0,0.0
1770773583000.0,1.122,1.122,1.122,1.122,17600.0,1974720.0,0.0,0.0,0.0,0.0
1770773586000.0,1.122,1.122,1.122,1.122,926.0,103898.0,0.0,0.0,0.0,0.0
1770773589000.0,1.122,1.122,1.122,1.122,6510.0,730422.0000000075,0.0,0.0,0.0,0.0
1770773592000.0,1.122,1.122,1.121,1.121,520.0,58341.99999999255,0.0,0.0,0.0,0.0
1770773595000.0,1.121,1.122,1.121,1.122,2172.0,243525.0,0.0,0.0,0.0,0.0
1770773598000.0,1.122,1.122,1.12,1.12,3762.0,421918.99999999255,0.0,0.0,0.0,0.0
1770773601000.0,1.12,1.121,1.12,1.121,46.0,5157.000000014901,0.0,0.0,0.0,0.0
1770773604000.0,1.121,1.121,1.121,1.121,66.0,7398.999999992549,0.0,0.0,0.0,0.0
1770773607000.0,1.121,1.121,1.121,1.121,1935.0,216913.0,0.0,0.0,0.0,0.0
1770773610000.0,1.121,1.121,1.121,1.121,620.0,69502.0,0.0,0.0,0.0,0.0
1770773613000.0,1.121,1.121,1.121,1.121,327.0,36657.0,0.0,0.0,0.0,0.0
1770773616000.0,1.121,1.123,1.121,1.123,13977.0,1568178.0,0.0,0.0,0.0,0.0
1770773619000.0,1.123,1.123,1.122,1.122,2.0,224.0,0.0,0.0,0.0,0.0
1770773622000.0,1.122,1.123,1.122,1.123,17949.0,2015663.0,0.0,0.0,0.0,0.0
1770773625000.0,1.123,1.123,1.123,1.123,1180.0,132504.00000000745,0.0,0.0,0.0,0.0
1770773628000.0,1.123,1.123,1.122,1.122,1190.0,133525.99999999255,0.0,0.0,0.0,0.0
1770773631000.0,1.122,1.122,1.121,1.121,5343.0,598950.0000000075,0.0,0.0,0.0,0.0
1770773634000.0,1.121,1.121,1.121,1.121,735.0,82393.9999999851,0.0,0.0,0.0,0.0
1770773637000.0,1.121,1.121,1.121,1.121,1350.0,151335.00000000745,0.0,0.0,0.0,0.0
1770773640000.0,1.121,1.121,1.121,1.121,504.0,56460.0,0.0,0.0,0.0,0.0
1770773643000.0,1.121,1.121,1.121,1.121,12225.0,1370422.0,0.0,0.0,0.0,0.0
1770773646000.0,1.121,1.121,1.12,1.12,1116.0,125103.00000000745,0.0,0.0,0.0,0.0
1770773649000.0,1.12,1.122,1.12,1.122,7017.0,787307.9999999925,0.0,0.0,0.0,0.0
1770773652000.0,1.122,1.123,1.122,1.123,559.0,62775.0,0.0,0.0,0.0,0.0
1770773655000.0,1.123,1.123,1.123,1.123,270.0,30321.0,0.0,0.0,0.0,0.0
1770773661000.0,1.123,1.124,1.123,1.124,433.0,48669.0,0.0,0.0,0.0,0.0
1770773664000.0,1.124,1.124,1.123,1.123,6850.0,769498.0,0.0,0.0,0.0,0.0
1770773667000.0,1.123,1.124,1.123,1.124,4447.0,499473.0,0.0,0.0,0.0,0.0
1770773670000.0,1.124,1.124,1.122,1.122,1064.0,119399.00000000745,0.0,0.0,0.0,0.0
1770773673000.0,1.122,1.123,1.122,1.123,71.0,7972.999999985099,0.0,0.0,0.0,0.0
1770773676000.0,1.123,1.123,1.122,1.122,4394.0,493406.00000000745,0.0,0.0,0.0,0.0
1770773679000.0,1.122,1.124,1.122,1.124,15.0,1685.9999999925494,0.0,0.0,0.0,0.0
1770773682000.0,1.124,1.124,1.124,1.124,100.0,11240.00000000745,0.0,0.0,0.0,0.0
1770773685000.0,1.124,1.124,1.123,1.123,8024.0,901095.0,0.0,0.0,0.0,0.0
1770773688000.0,1.123,1.123,1.123,1.123,250.0,28075.0,0.0,0.0,0.0,0.0
1770773691000.0,1.123,1.123,1.123,1.123,200.0,22460.0,0.0,0.0,0.0,0.0
1770773697000.0,1.123,1.123,1.123,1.123,15711.0,1764353.0,0.0,0.0,0.0,0.0
1770773700000.0,1.123,1.123,1.123,1.123,25013.0,2808964.0,0.0,0.0,0.0,0.0
1770773703000.0,1.123,1.123,1.123,1.123,6315.0,709179.0,0.0,0.0,0.0,0.0
1770773706000.0,1.123,1.123,1.123,1.123,1330.0,149359.0,0.0,0.0,0.0,0.0
1770773712000.0,1.123,1.124,1.123,1.124,7039.0,791184.0,0.0,0.0,0.0,0.0
1770773715000.0,1.124,1.124,1.123,1.123,1878.0,211062.0,0.0,0.0,0.0,0.0
1770773718000.0,1.123,1.123,1.123,1.123,3033.0,340609.0,0.0,0.0,0.0,0.0
1770773721000.0,1.123,1.123,1.123,1.123,7.0,786.0000000074506,0.0,0.0,0.0,0.0
1770773724000.0,1.123,1.123,1.123,1.123,5284.0,592888.9999999925,0.0,0.0,0.0,0.0
1770773727000.0,1.123,1.123,1.123,1.123,3.0,337.0,0.0,0.0,0.0,0.0
1770773730000.0,1.123,1.123,1.122,1.122,81.0,9092.0,0.0,0.0,0.0,0.0
1770773733000.0,1.122,1.123,1.122,1.123,173.0,19413.0,0.0,0.0,0.0,0.0
1770773736000.0,1.123,1.123,1.123,1.123,29970.0,3365651.0000000075,0.0,0.0,0.0,0.0
1770773739000.0,1.123,1.123,1.123,1.123,5149.0,578233.0,0.0,0.0,0.0,0.0
1770773742000.0,1.123,1.123,1.123,1.123,5316.0,596986.9999999851,0.0,0.0,0.0,0.0
1770773748000.0,1.123,1.123,1.123,1.123,5267.0,591489.0000000075,0.0,0.0,0.0,0.0
1770773754000.0,1.123,1.123,1.123,1.123,277.0,31107.00000000745,0.0,0.0,0.0,0.0
1770773757000.0,1.123,1.123,1.123,1.123,1000.0,112300.0,0.0,0.0,0.0,0.0
1770773760000.0,1.123,1.123,1.123,1.123,182.0,20438.99999999255,0.0,0.0,0.0,0.0
1770773763000.0,1.123,1.123,1.123,1.123,17454.0,1960084.0,0.0,0.0,0.0,0.0
1770773766000.0,1.123,1.123,1.123,1.123,4746.0,532976.0,0.0,0.0,0.0,0.0
1770773769000.0,1.123,1.123,1.123,1.123,117.0,13139.0,0.0,0.0,0.0,0.0
1770773772000.0,1.123,1.123,1.122,1.122,10579.0,1186963.0000000075,0.0,0.0,0.0,0.0
1770773775000.0,1.122,1.122,1.121,1.121,130.0,14582.0,0.0,0.0,0.0,0.0
1770773781000.0,1.121,1.121,1.121,1.121,2000.0,224200.0,0.0,0.0,0.0,0.0
1770773784000.0,1.121,1.122,1.121,1.122,1198.0,134295.99999999255,0.0,0.0,0.0,0.0
1770773790000.0,1.122,1.122,1.121,1.121,25.0,2803.0,0.0,0.0,0.0,0.0
1770773793000.0,1.121,1.121,1.121,1.121,6504.0,728456.0,0.0,0.0,0.0,0.0
1770773796000.0,1.121,1.121,1.12,1.12,251.0,28097.0,0.0,0.0,0.0,0.0
1770773799000.0,1.12,1.12,1.119,1.119,10189.0,1141150.0000000075,0.0,0.0,0.0,0.0
1770773802000.0,1.119,1.12,1.119,1.12,2878.0,322335.9999999851,0.0,0.0,0.0,0.0
1770773805000.0,1.12,1.12,1.12,1.12,2005.0,224560.0,0.0,0.0,0.0,0.0
1770773808000.0,1.12,1.12,1.12,1.12,1243.0,139217.0000000149,0.0,0.0,0.0,0.0
1770773811000.0,1.12,1.122,1.12,1.122,1279.0,143376.99999999255,0.0,0.0,0.0,0.0
1770773814000.0,1.122,1.122,1.121,1.121,5885.0,659712.0,0.0,0.0,0.0,0.0
1770773817000.0,1.121,1.121,1.121,1.121,555.0,62228.0,0.0,0.0,0.0,0.0
1770773823000.0,1.121,1.121,1.12,1.12,144.0,16129.999999985099,0.0,0.0,0.0,0.0
1770773826000.0,1.12,1.121,1.12,1.121,228.0,25559.0000000149,0.0,0.0,0.0,0.0
1770773829000.0,1.121,1.121,1.121,1.121,26.0,2915.0,0.0,0.0,0.0,0.0
1770773832000.0,1.121,1.121,1.121,1.121,10139.0,1136568.0,0.0,0.0,0.0,0.0
1770773835000.0,1.121,1.121,1.12,1.12,19.0,2128.0,0.0,0.0,0.0,0.0
1770773838000.0,1.12,1.12,1.119,1.119,176.0,19696.0000000149,0.0,0.0,0.0,0.0
1770773841000.0,1.119,1.12,1.119,1.12,7734.0,866207.9999999851,0.0,0.0,0.0,0.0
1770773847000.0,1.12,1.12,1.12,1.12,12299.0,1377488.000000015,0.0,0.0,0.0,0.0
1770773850000.0,1.12,1.12,1.12,1.12,118.0,13215.999999985099,0.0,0.0,0.0,0.0
1770773853000.0,1.12,1.12,1.12,1.12,25.0,2800.0,0.0,0.0,0.0,0.0
1770773856000.0,1.12,1.121,1.12,1.121,4646.0,520817.0,0.0,0.0,0.0,0.0
1770773862000.0,1.121,1.121,1.12,1.12,2909.0,326096.0,0.0,0.0,0.0,0.0
1770773865000.0,1.12,1.121,1.12,1.121,2943.0,329910.0,0.0,0.0,0.0,0.0
1770773868000.0,1.121,1.121,1.121,1.121,137.0,15358.0,0.0,0.0,0.0,0.0
1770773871000.0,1.121,1.122,1.121,1.122,6110.0,685525.0,0.0,0.0,0.0,0.0
1770773874000.0,1.122,1.122,1.122,1.122,178.0,19972.0,0.0,0.0,0.0,0.0
1770773877000.0,1.122,1.122,1.122,1.122,183.0,20535.0,0.0,0.0,0.0,0.0
1770773880000.0,1.122,1.123,1.122,1.123,5460.0,613158.0,0.0,0.0,0.0,0.0
1770773883000.0,1.123,1.123,1.123,1.123,1416.0,158881.0,0.0,0.0,0.0,0.0
1770773886000.0,1.123,1.123,1.123,1.123,1088.0,122183.0,0.0,0.0,0.0,0.0
1770773892000.0,1.123,1.123,1.123,1.123,30727.0,3453697.0,0.0,0.0,0.0,0.0
1770773895000.0,1.123,1.124,1.123,1.124,4009.0,450611.0000000149,0.0,0.0,0.0,0.0
1770773898000.0,1.124,1.124,1.124,1.124,82.0,9216.999999985099,0.0,0.0,0.0,0.0
1770773901000.0,1.124,1.124,1.124,1.124,696.0,78178.0,0.0,0.0,0.0,0.0
1770773904000.0,1.124,1.124,1.123,1.123,1412.0,158579.0,0.0,0.0,0.0,0.0
1770773907000.0,1.123,1.123,1.123,1.123,11.0,1235.0,0.0,0.0,0.0,0.0
1770773910000.0,1.123,1.124,1.123,1.124,40.0,4495.0,0.0,0.0,0.0,0.0
1770773913000.0,1.124,1.124,1.124,1.124,348.0,39107.0,0.0,0.0,0.0,0.0
1770773916000.0,1.124,1.124,1.124,1.124,5694.0,640006.0,0.0,0.0,0.0,0.0
1770773919000.0,1.124,1.124,1.124,1.124,3886.0,436786.0,0.0,0.0,0.0,0.0
1770773922000.0,1.124,1.124,1.124,1.124,235.0,26414.0,0.0,0.0,0.0,0.0
1770773925000.0,1.124,1.125,1.124,1.125,849.0,95511.0000000149,0.0,0.0,0.0,0.0
1770773928000.0,1.125,1.125,1.125,1.125,51.0,5736.999999985099,0.0,0.0,0.0,0.0
1770773931000.0,1.125,1.125,1.124,1.124,3827.0,430155.0,0.0,0.0,0.0,0.0
1770773934000.0,1.124,1.124,1.124,1.124,8144.0,914588.0,0.0,0.0,0.0,0.0
1770773937000.0,1.124,1.124,1.124,1.124,61.0,6854.000000014901,0.0,0.0,0.0,0.0
1770773940000.0,1.124,1.124,1.123,1.123,2426.0,272444.9999999702,0.0,0.0,0.0,0.0
1770773943000.0,1.123,1.123,1.123,1.123,50.0,5615.000000014901,0.0,0.0,0.0,0.0
1770773946000.0,1.123,1.123,1.123,1.123,97.0,10891.0,0.0,0.0,0.0,0.0
1770773949000.0,1.123,1.123,1.122,1.122,8614.0,966491.0,0.0,0.0,0.0,0.0
1770773952000.0,1.122,1.123,1.122,1.123,10488.0,1176754.0,0.0,0.0,0.0,0.0
1770773955000.0,1.123,1.123,1.122,1.122,219.0,24572.0,0.0,0.0,0.0,0.0
1770773958000.0,1.122,1.122,1.121,1.121,10.0,1121.0,0.0,0.0,0.0,0.0
1770773961000.0,1.121,1.122,1.121,1.122,312.0,35006.0,0.0,0.0,0.0,0.0
1770773964000.0,1.122,1.122,1.122,1.122,4455.0,499848.0,0.0,0.0,0.0,0.0
1770773967000.0,1.122,1.122,1.122,1.122,500.0,56100.0,0.0,0.0,0.0,0.0
1770773970000.0,1.122,1.122,1.121,1.121,3936.0,441277.0,0.0,0.0,0.0,0.0
1770773973000.0,1.121,1.121,1.121,1.121,294.0,32975.0,0.0,0.0,0.0,0.0
1770773976000.0,1.121,1.122,1.121,1.122,10214.0,1146011.000000015,0.0,0.0,0.0,0.0
1770773979000.0,1.122,1.122,1.122,1.122,11.0,1233.9999999850988,0.0,0.0,0.0,0.0
1770773985000.0,1.122,1.123,1.122,1.123,5077.0,570147.0,0.0,0.0,0.0,0.0
1770773988000.0,1.123,1.123,1.123,1.123,2005.0,225162.0,0.0,0.0,0.0,0.0
1770773994000.0,1.123,1.123,1.123,1.123,124.0,13925.000000014901,0.0,0.0,0.0,0.0
1770773997000.0,1.123,1.123,1.123,1.123,364.0,40877.0,0.0,0.0,0.0,0.0
1770774000000.0,1.123,1.123,1.123,1.123,17273.0,1939757.999999985,0.0,0.0,0.0,0.0
1770774003000.0,1.123,1.123,1.123,1.123,1606.0,180354.0,0.0,0.0,0.0,0.0
1770774006000.0,1.123,1.123,1.123,1.123,5.0,562.0,0.0,0.0,0.0,0.0
1770774009000.0,1.123,1.123,1.123,1.123,51.0,5727.0,0.0,0.0,0.0,0.0
1770774012000.0,1.123,1.124,1.123,1.124,10447.0,1174241.0,0.0,0.0,0.0,0.0
1770774018000.0,1.124,1.125,1.124,1.125,2356.0,264865.0,0.0,0.0,0.0,0.0
1770774021000.0,1.125,1.125,1.125,1.125,545.0,61311.9999999851,0.0,0.0,0.0,0.0
1770774024000.0,1.125,1.1260000000000001,1.125,1.1260000000000001,840.0,94584.0000000149,0.0,0.0,0.0,0.0
1770774027000.0,1.1260000000000001,1.1260000000000001,1.125,1.125,4616.0,519368.0,0.0,0.0,0.0,0.0
1770774030000.0,1.125,1.125,1.125,1.125,1054.0,118575.0,0.0,0.0,0.0,0.0
1770774033000.0,1.125,1.125,1.125,1.125,1.0,112.00000001490116,0.0,0.0,0.0,0.0
1770774036000.0,1.125,1.1260000000000001,1.125,1.1260000000000001,5011.0,564238.9999999851,0.0,0.0,0.0,0.0
1770774039000.0,1.1260000000000001,1.1260000000000001,1.1260000000000001,1.1260000000000001,961.0,108208.0,0.0,0.0,0.0,0.0
1770774042000.0,1.1260000000000001,1.1260000000000001,1.1260000000000001,1.1260000000000001,5155.0,580953.0,0.0,0.0,0.0,0.0
1770774045000.0,1.1260000000000001,1.127,1.1260000000000001,1.127,299.0,33692.9999999851,0.0,0.0,0.0,0.0
1770774048000.0,1.127,1.127,1.127,1.127,1446.0,162964.0000000149,0.0,0.0,0.0,0.0
1770774051000.0,1.127,1.127,1.127,1.127,3683.0,415074.0,0.0,0.0,0.0,0.0
1770774054000.0,1.127,1.127,1.127,1.127,3385.0,381490.0,0.0,0.0,0.0,0.0
1770774057000.0,1.127,1.127,1.127,1.127,270.0,30429.0,0.0,0.0,0.0,0.0
1770774060000.0,1.127,1.127,1.1260000000000001,1.1260000000000001,170.0,19149.0,0.0,0.0,0.0,0.0
1770774063000.0,1.1260000000000001,1.1260000000000001,1.125,1.125,13870.0,1561226.000000015,0.0,0.0,0.0,0.0
1770774066000.0,1.125,1.125,1.125,1.125,4080.0,458999.9999999851,0.0,0.0,0.0,0.0
1770774069000.0,1.125,1.125,1.124,1.124,2055.0,231015.0000000149,0.0,0.0,0.0,0.0
1770774072000.0,1.124,1.125,1.124,1.125,805.0,90602.9999999851,0.0,0.0,0.0,0.0
1770774075000.0,1.125,1.125,1.125,1.125,638.0,71776.0,0.0,0.0,0.0,0.0
1770774078000.0,1.125,1.125,1.125,1.125,1.0,113.0,0.0,0.0,0.0,0.0
1770774081000.0,1.125,1.1260000000000001,1.125,1.1260000000000001,1642.0,184889.0000000149,0.0,0.0,0.0,0.0
1770774084000.0,1.1260000000000001,1.1260000000000001,1.125,1.125,93.0,10462.999999985099,0.0,0.0,0.0,0.0
1770774087000.0,1.125,1.1260000000000001,1.125,1.1260000000000001,200.0,22520.0,0.0,0.0,0.0,0.0
1770774090000.0,1.1260000000000001,1.1260000000000001,1.1260000000000001,1.1260000000000001,5864.0,660249.0,0.0,0.0,0.0,0.0
1770774093000.0,1.1260000000000001,1.1260000000000001,1.1260000000000001,1.1260000000000001,1903.0,214273.0,0.0,0.0,0.0,0.0
1770774096000.0,1.1260000000000001,1.1260000000000001,1.1260000000000001,1.1260000000000001,278.0,31303.0000000149,0.0,0.0,0.0,0.0
1770774099000.0,1.1260000000000001,1.1260000000000001,1.1260000000000001,1.1260000000000001,34.0,3827.999999985099,0.0,0.0,0.0,0.0
1770774102000.0,1.1260000000000001,1.1260000000000001,1.1260000000000001,1.1260000000000001,626.0,70488.0,0.0,0.0,0.0,0.0
1770774105000.0,1.1260000000000001,1.1260000000000001,1.125,1.125,1781.0,200386.0,0.0,0.0,0.0,0.0
1770774108000.0,1.125,1.1260000000000001,1.125,1.1260000000000001,3842.0,432379.0,0.0,0.0,0.0,0.0
1770774111000.0,1.1260000000000001,1.1260000000000001,1.125,1.125,532.0,59900.0000000149,0.0,0.0,0.0,0.0
1770774114000.0,1.125,1.125,1.125,1.125,33.0,3711.999999985099,0.0,0.0,0.0,0.0
1770774117000.0,1.125,1.125,1.124,1.124,29.0,3260.999999985099,0.0,0.0,0.0,0.0
1770774120000.0,1.124,1.124,1.124,1.124,1158.0,130160.0000000149,0.0,0.0,0.0,0.0
1770774123000.0,1.124,1.125,1.124,1.125,189.0,21261.0000000149,0.0,0.0,0.0,0.0
1770774126000.0,1.125,1.125,1.125,1.125,698.0,78510.9999999851,0.0,0.0,0.0,0.0
1770774129000.0,1.125,1.125,1.125,1.125,7300.0,821250.0,0.0,0.0,0.0,0.0
1770774132000.0,1.125,1.125,1.125,1.125,112.0,12600.000000014901,0.0,0.0,0.0,0.0
1770774135000.0,1.125,1.1260000000000001,1.125,1.1260000000000001,50.0,5629.999999985099,0.0,0.0,0.0,0.0
1770774138000.0,1.1260000000000001,1.1260000000000001,1.125,1.125,1894.0,213088.0,0.0,0.0,0.0,0.0
1770774141000.0,1.125,1.1260000000000001,1.125,1.1260000000000001,23.0,2590.000000014901,0.0,0.0,0.0,0.0
1770774144000.0,1.1260000000000001,1.1260000000000001,1.125,1.125,144.0,16199.999999985099,0.0,0.0,0.0,0.0
1770774147000.0,1.125,1.125,1.125,1.125,739.0,83137.9999999851,0.0,0.0,0.0,0.0
1770774159000.0,1.125,1.125,1.125,1.125,432.0,48600.0000000149,0.0,0.0,0.0,0.0
1770774162000.0,1.125,1.125,1.125,1.125,410.0,46125.0,0.0,0.0,0.0,0.0
1770774165000.0,1.125,1.125,1.125,1.125,446.0,50174.9999999851,0.0,0.0,0.0,0.0
1770774168000.0,1.125,1.125,1.124,1.124,5117.0,575151.0000000149,0.0,0.0,0.0,0.0
1770774171000.0,1.124,1.124,1.124,1.124,40.0,4496.0,0.0,0.0,0.0,0.0
1770774174000.0,1.124,1.124,1.124,1.124,50.0,5620.0,0.0,0.0,0.0,0.0
1770774177000.0,1.124,1.124,1.124,1.124,2250.0,252705.0,0.0,0.0,0.0,0.0
1770774180000.0,1.124,1.124,1.124,1.124,93.0,10453.000000014901,0.0,0.0,0.0,0.0
1770774183000.0,1.124,1.124,1.124,1.124,279.0,31358.9999999851,0.0,0.0,0.0,0.0
1770774186000.0,1.124,1.124,1.123,1.123,50.0,5615.0,0.0,0.0,0.0,0.0
1770774189000.0,1.123,1.124,1.123,1.124,729.0,81881.0,0.0,0.0,0.0,0.0
1770774192000.0,1.124,1.124,1.124,1.124,3.0,337.0,0.0,0.0,0.0,0.0
1770774195000.0,1.124,1.124,1.124,1.124,4.0,449.0,0.0,0.0,0.0,0.0
1770774198000.0,1.124,1.124,1.123,1.123,80.0,8992.0,0.0,0.0,0.0,0.0
1770774201000.0,1.123,1.123,1.123,1.123,74.0,8316.0,0.0,0.0,0.0,0.0
1770774204000.0,1.123,1.123,1.123,1.123,145.0,16284.0,0.0,0.0,0.0,0.0
1770774207000.0,1.123,1.123,1.123,1.123,456.0,51209.0,0.0,0.0,0.0,0.0
1770774210000.0,1.123,1.124,1.123,1.124,1002.0,112613.0,0.0,0.0,0.0,0.0
1770774216000.0,1.124,1.124,1.124,1.124,6204.0,697833.0,0.0,0.0,0.0,0.0
1770774219000.0,1.124,1.125,1.124,1.125,521.0,58562.0,0.0,0.0,0.0,0.0
1770774222000.0,1.125,1.125,1.125,1.125,189.0,21263.0,0.0,0.0,0.0,0.0
1770774225000.0,1.125,1.125,1.125,1.125,321.0,36112.0,0.0,0.0,0.0,0.0
1770774228000.0,1.125,1.125,1.125,1.125,404.0,45450.0,0.0,0.0,0.0,0.0
1770774231000.0,1.125,1.125,1.125,1.125,1.0,113.00000001490116,0.0,0.0,0.0,0.0
1770774234000.0,1.125,1.125,1.125,1.125,274.0,30824.9999999851,0.0,0.0,0.0,0.0
1770774237000.0,1.125,1.1260000000000001,1.125,1.1260000000000001,47.0,5292.0,0.0,0.0,0.0,0.0
1770774240000.0,1.1260000000000001,1.1260000000000001,1.1260000000000001,1.1260000000000001,962.0,108245.0,0.0,0.0,0.0,0.0
1770774243000.0,1.1260000000000001,1.1260000000000001,1.125,1.125,284.0,31950.0,0.0,0.0,0.0,0.0
1770774246000.0,1.125,1.125,1.125,1.125,69.0,7763.0,0.0,0.0,0.0,0.0
1770774249000.0,1.125,1.125,1.125,1.125,276.0,31050.0,0.0,0.0,0.0,0.0
1770774252000.0,1.125,1.125,1.125,1.125,1400.0,157500.0,0.0,0.0,0.0,0.0
1770774255000.0,1.125,1.125,1.125,1.125,21.0,2362.0,0.0,0.0,0.0,0.0
1770774258000.0,1.125,1.125,1.125,1.125,93.0,10462.999999985099,0.0,0.0,0.0,0.0
1770774261000.0,1.125,1.125,1.124,1.124,4609.0,518064.0000000149,0.0,0.0,0.0,0.0
1770774264000.0,1.124,1.124,1.123,1.123,13185.0,1480716.0,0.0,0.0,0.0,0.0
1770774267000.0,1.123,1.123,1.123,1.123,1209.0,135681.0,0.0,0.0,0.0,0.0
1770774270000.0,1.123,1.123,1.123,1.123,2308.0,259188.0,0.0,0.0,0.0,0.0
1770774273000.0,1.123,1.125,1.123,1.125,1710.0,192215.0,0.0,0.0,0.0,0.0
1770774276000.0,1.125,1.125,1.124,1.124,7.0,786.0,0.0,0.0,0.0,0.0
1770774279000.0,1.124,1.125,1.124,1.125,92.0,10350.0,0.0,0.0,0.0,0.0
1770774282000.0,1.125,1.125,1.124,1.124,200.0,22480.0000000149,0.0,0.0,0.0,0.0
1770774285000.0,1.124,1.125,1.124,1.125,515.0,57937.9999999851,0.0,0.0,0.0,0.0
1770774288000.0,1.125,1.125,1.124,1.124,9476.0,1065112.0,0.0,0.0,0.0,0.0
1770774291000.0,1.124,1.124,1.124,1.124,1417.0,159303.0000000149,0.0,0.0,0.0,0.0
1770774294000.0,1.124,1.124,1.124,1.124,548.0,61646.9999999851,0.0,0.0,0.0,0.0
1770774300000.0,1.124,1.124,1.124,1.124,9611.0,1080276.0,0.0,0.0,0.0,0.0
1770774312000.0,1.124,1.124,1.124,1.124,10.0,1124.0,0.0,0.0,0.0,0.0
1770774315000.0,1.124,1.124,1.124,1.124,50.0,5619.999999985099,0.0,0.0,0.0,0.0
1770774318000.0,1.124,1.124,1.123,1.123,1170.0,131400.0000000149,0.0,0.0,0.0,0.0
1770774321000.0,1.123,1.123,1.123,1.123,123.0,13813.0,0.0,0.0,0.0,0.0
1770774327000.0,1.123,1.123,1.123,1.123,100.0,11230.000000014901,0.0,0.0,0.0,0.0
1770774330000.0,1.123,1.124,1.123,1.124,1129.0,126786.9999999851,0.0,0.0,0.0,0.0
1770774333000.0,1.124,1.124,1.124,1.124,8.0,899.0000000149012,0.0,0.0,0.0,0.0
1770774339000.0,1.124,1.125,1.124,1.125,47.0,5286.999999970198,0.0,0.0,0.0,0.0
1770774342000.0,1.125,1.125,1.125,1.125,54.0,6075.000000014901,0.0,0.0,0.0,0.0
1770774345000.0,1.125,1.125,1.125,1.125,100.0,11250.0,0.0,0.0,0.0,0.0
1770774351000.0,1.125,1.125,1.125,1.125,520.0,58500.0000000149,0.0,0.0,0.0,0.0
1770774354000.0,1.125,1.125,1.124,1.124,500.0,56220.0,0.0,0.0,0.0,0.0
1770774357000.0,1.124,1.124,1.124,1.124,78.0,8773.0,0.0,0.0,0.0,0.0
1770774360000.0,1.124,1.124,1.124,1.124,105.0,11802.999999985099,0.0,0.0,0.0,0.0
1770774363000.0,1.124,1.124,1.124,1.124,4.0,449.0,0.0,0.0,0.0,0.0
1770774366000.0,1.124,1.125,1.124,1.125,805.0,90562.0,0.0,0.0,0.0,0.0
1770774369000.0,1.125,1.125,1.124,1.124,300.0,33720.0,0.0,0.0,0.0,0.0
1770774372000.0,1.124,1.125,1.124,1.125,5.0,563.0,0.0,0.0,0.0,0.0
1770774375000.0,1.125,1.125,1.124,1.124,646.0,72673.0,0.0,0.0,0.0,0.0
1770774378000.0,1.124,1.125,1.124,1.125,3383.0,380264.0,0.0,0.0,0.0,0.0
1770774381000.0,1.125,1.125,1.125,1.125,1330.0,149625.0,0.0,0.0,0.0,0.0
1770774384000.0,1.125,1.125,1.125,1.125,394.0,44325.0,0.0,0.0,0.0,0.0
1770774387000.0,1.125,1.1260000000000001,1.125,1.1260000000000001,2223.0,250123.0,0.0,0.0,0.0,0.0
1770774390000.0,1.1260000000000001,1.1260000000000001,1.125,1.125,115.0,12938.0,0.0,0.0,0.0,0.0
1770774393000.0,1.125,1.125,1.125,1.125,18.0,2025.0,0.0,0.0,0.0,0.0
1770774396000.0,1.125,1.125,1.125,1.125,500.0,56250.0,0.0,0.0,0.0,0.0
1770774399000.0,1.125,1.125,1.125,1.125,22.0,2475.000000014901,0.0,0.0,0.0,0.0
1770774402000.0,1.125,1.125,1.125,1.125,23172.0,2606849.999999985,0.0,0.0,0.0,0.0
1770774405000.0,1.125,1.125,1.124,1.124,29615.0,3328726.0,0.0,0.0,0.0,0.0
1770774408000.0,1.124,1.124,1.124,1.124,3119.0,350668.0,0.0,0.0,0.0,0.0
1770774411000.0,1.124,1.124,1.124,1.124,1628.0,182917.0,0.0,0.0,0.0,0.0
1770774414000.0,1.124,1.124,1.124,1.124,319.0,35854.0,0.0,0.0,0.0,0.0
1770774417000.0,1.124,1.124,1.124,1.124,181.0,20335.0,0.0,0.0,0.0,0.0
1770774420000.0,1.124,1.124,1.124,1.124,733.0,82389.0,0.0,0.0,0.0,0.0
1770774423000.0,1.124,1.125,1.124,1.125,980.0,110250.0,0.0,0.0,0.0,0.0
1770774426000.0,1.125,1.125,1.125,1.125,50.0,5625.0,0.0,0.0,0.0,0.0
1770774429000.0,1.125,1.125,1.125,1.125,140.0,15750.0,0.0,0.0,0.0,0.0
1770774432000.0,1.125,1.125,1.125,1.125,160.0,18000.0,0.0,0.0,0.0,0.0
1770774435000.0,1.125,1.1260000000000001,1.125,1.1260000000000001,677.0,76230.0000000149,0.0,0.0,0.0,0.0
1770774438000.0,1.1260000000000001,1.1260000000000001,1.1260000000000001,1.1260000000000001,2295.0,258416.9999999851,0.0,0.0,0.0,0.0
1770774441000.0,1.1260000000000001,1.1260000000000001,1.125,1.125,3104.0,349230.0,0.0,0.0,0.0,0.0
1770774444000.0,1.125,1.1260000000000001,1.125,1.1260000000000001,7053.0,793779.0,0.0,0.0,0.0,0.0
1770774447000.0,1.1260000000000001,1.1260000000000001,1.1260000000000001,1.1260000000000001,8980.0,1010446.9999999851,0.0,0.0,0.0,0.0
1770774450000.0,1.1260000000000001,1.1260000000000001,1.125,1.125,3154.0,354893.0,0.0,0.0,0.0,0.0
1770774453000.0,1.125,1.125,1.125,1.125,2220.0,249870.0000000149,0.0,0.0,0.0,0.0
1770774456000.0,1.125,1.125,1.125,1.125,5680.0,638750.0000000149,0.0,0.0,0.0,0.0
1770774459000.0,1.125,1.125,1.124,1.124,4515.0,507644.9999999851,0.0,0.0,0.0,0.0
1770774462000.0,1.124,1.124,1.124,1.124,4500.0,505800.0,0.0,0.0,0.0,0.0
1770774465000.0,1.124,1.124,1.124,1.124,270.0,30346.0,0.0,0.0,0.0,0.0
1770774468000.0,1.124,1.124,1.124,1.124,2296.0,258069.9999999851,0.0,0.0,0.0,0.0
1770774474000.0,1.124,1.124,1.124,1.124,24.0,2698.000000014901,0.0,0.0,0.0,0.0
1770774477000.0,1.124,1.124,1.124,1.124,3.0,337.00000001490116,0.0,0.0,0.0,0.0
1770774480000.0,1.124,1.124,1.123,1.123,2737.0,307365.0,0.0,0.0,0.0,0.0
1770774483000.0,1.123,1.124,1.123,1.124,170.0,19095.9999999851,0.0,0.0,0.0,0.0
1770774486000.0,1.124,1.124,1.123,1.123,545.0,61204.0,0.0,0.0,0.0,0.0
1770774492000.0,1.123,1.123,1.123,1.123,241.0,27064.0,0.0,0.0,0.0,0.0
1770774495000.0,1.123,1.123,1.121,1.121,18863.0,2115449.0,0.0,0.0,0.0,0.0
1770774498000.0,1.121,1.122,1.121,1.122,2129.0,238672.0,0.0,0.0,0.0,0.0
1770774501000.0,1.122,1.122,1.122,1.122,11.0,1233.9999999850988,0.0,0.0,0.0,0.0
1770774504000.0,1.122,1.122,1.121,1.121,2039.0,228731.0,0.0,0.0,0.0,0.0
1770774507000.0,1.121,1.121,1.121,1.121,200.0,22425.0000000149,0.0,0.0,0.0,0.0
1770774510000.0,1.121,1.121,1.121,1.121,628.0,70403.0000000149,0.0,0.0,0.0,0.0
1770774513000.0,1.121,1.123,1.121,1.123,91.0,10200.999999985099,0.0,0.0,0.0,0.0
1770774516000.0,1.123,1.124,1.123,1.124,22352.0,2511330.000000015,0.0,0.0,0.0,0.0
1770774519000.0,1.124,1.124,1.124,1.124,128.0,14387.0,0.0,0.0,0.0,0.0
1770774522000.0,1.124,1.124,1.124,1.124,100.0,11239.999999985099,0.0,0.0,0.0,0.0
1770774525000.0,1.124,1.124,1.124,1.124,41.0,4608.000000014901,0.0,0.0,0.0,0.0
1770774528000.0,1.124,1.124,1.124,1.124,13871.0,1560187.9999999702,0.0,0.0,0.0,0.0
1770774531000.0,1.124,1.124,1.124,1.124,8470.0,952023.0000000149,0.0,0.0,0.0,0.0
1770774534000.0,1.124,1.124,1.123,1.123,4852.0,545317.0,0.0,0.0,0.0,0.0
1770774540000.0,1.123,1.123,1.123,1.123,4849.0,544543.0,0.0,0.0,0.0,0.0
1770774543000.0,1.123,1.123,1.123,1.123,200.0,22460.0000000149,0.0,0.0,0.0,0.0
1770774546000.0,1.123,1.123,1.122,1.122,1433.0,160831.9999999851,0.0,0.0,0.0,0.0
1770774549000.0,1.122,1.123,1.122,1.123,174.0,19540.0,0.0,0.0,0.0,0.0
1770774552000.0,1.123,1.123,1.123,1.123,1348.0,151380.0,0.0,0.0,0.0,0.0
1770774555000.0,1.123,1.123,1.123,1.123,332.0,37284.0000000149,0.0,0.0,0.0,0.0
1770774558000.0,1.123,1.123,1.123,1.123,2.0,223.99999998509884,0.0,0.0,0.0,0.0
1770774561000.0,1.123,1.123,1.122,1.122,1833.0,205663.0000000149,0.0,0.0,0.0,0.0
1770774564000.0,1.122,1.123,1.122,1.123,27.0,3031.9999999701977,0.0,0.0,0.0,0.0
1770774567000.0,1.123,1.123,1.123,1.123,20.0,2246.0,0.0,0.0,0.0,0.0
1770774570000.0,1.123,1.123,1.123,1.123,302.0,33887.0000000298,0.0,0.0,0.0,0.0
1770774573000.0,1.123,1.123,1.122,1.122,421.0,47253.0,0.0,0.0,0.0,0.0
1770774576000.0,1.122,1.122,1.122,1.122,174.0,19523.0,0.0,0.0,0.0,0.0
1770774582000.0,1.122,1.122,1.122,1.122,6.0,672.9999999850988,0.0,0.0,0.0,0.0
1770774585000.0,1.122,1.122,1.122,1.122,51.0,5723.000000014901,0.0,0.0,0.0,0.0
1770774588000.0,1.122,1.122,1.121,1.121,94.0,10536.999999985099,0.0,0.0,0.0,0.0
1770774591000.0,1.121,1.121,1.121,1.121,1601.0,179472.0,0.0,0.0,0.0,0.0
1770774594000.0,1.121,1.121,1.121,1.121,2294.0,257163.0,0.0,0.0,0.0,0.0
1770774597000.0,1.121,1.122,1.121,1.122,50.0,5610.000000014901,0.0,0.0,0.0,0.0
1770774600000.0,1.122,1.122,1.122,1.122,12207.0,1369607.999999985,0.0,0.0,0.0,0.0
1770774603000.0,1.122,1.123,1.122,1.123,2902.0,325894.0,0.0,0.0,0.0,0.0
1770774606000.0,1.123,1.123,1.123,1.123,3849.0,432243.0,0.0,0.0,0.0,0.0
1770774609000.0,1.123,1.124,1.123,1.124,83.0,9320.0,0.0,0.0,0.0,0.0
1770774612000.0,1.124,1.124,1.123,1.123,1700.0,190910.0000000149,0.0,0.0,0.0,0.0
1770774618000.0,1.123,1.123,1.123,1.123,2.0,223.99999998509884,0.0,0.0,0.0,0.0
1770774621000.0,1.123,1.123,1.122,1.122,3110.0,348942.0,0.0,0.0,0.0,0.0
1770774624000.0,1.122,1.122,1.122,1.122,70.0,7854.000000014901,0.0,0.0,0.0,0.0
1770774627000.0,1.122,1.123,1.122,1.123,204.0,22908.9999999851,0.0,0.0,0.0,0.0
1770774630000.0,1.123,1.123,1.122,1.122,49.0,5498.000000014901,0.0,0.0,0.0,0.0
1770774636000.0,1.122,1.122,1.122,1.122,48.0,5386.0,0.0,0.0,0.0,0.0
1770774639000.0,1.122,1.122,1.122,1.122,220.0,24683.9999999851,0.0,0.0,0.0,0.0
1770774642000.0,1.122,1.122,1.122,1.122,1.0,112.00000001490116,0.0,0.0,0.0,0.0
1770774645000.0,1.122,1.122,1.122,1.122,390.0,43758.0,0.0,0.0,0.0,0.0
1770774651000.0,1.122,1.122,1.122,1.122,198.0,22215.9999999851,0.0,0.0,0.0,0.0
1770774654000.0,1.122,1.122,1.122,1.122,10.0,1122.0,0.0,0.0,0.0,0.0
1770774657000.0,1.122,1.122,1.121,1.121,299.0,33525.9999999851,0.0,0.0,0.0,0.0
1770774660000.0,1.121,1.121,1.121,1.121,1.0,112.00000001490116,0.0,0.0,0.0,0.0
1770774666000.0,1.121,1.121,1.121,1.121,230.0,25783.0,0.0,0.0,0.0,0.0
1770774669000.0,1.121,1.121,1.121,1.121,2063.0,231415.0,0.0,0.0,0.0,0.0
1770774672000.0,1.121,1.121,1.121,1.121,1201.0,134632.0000000149,0.0,0.0,0.0,0.0
1770774681000.0,1.121,1.122,1.121,1.122,210.0,23563.0,0.0,0.0,0.0,0.0
1770774687000.0,1.122,1.122,1.122,1.122,2688.0,301593.9999999702,0.0,0.0,0.0,0.0
1770774690000.0,1.122,1.122,1.122,1.122,511.0,57334.0,0.0,0.0,0.0,0.0
1770774693000.0,1.122,1.122,1.122,1.122,36.0,4039.0000000298023,0.0,0.0,0.0,0.0
1770774699000.0,1.122,1.122,1.122,1.122,578.0,64851.9999999702,0.0,0.0,0.0,0.0
1770774702000.0,1.122,1.122,1.121,1.121,22462.0,2517990.000000015,0.0,0.0,0.0,0.0
1770774705000.0,1.121,1.121,1.121,1.121,307.0,34415.0,0.0,0.0,0.0,0.0
1770774708000.0,1.121,1.122,1.121,1.122,348.0,39032.0,0.0,0.0,0.0,0.0
1770774714000.0,1.122,1.122,1.121,1.121,144.0,16152.0,0.0,0.0,0.0,0.0
1770774720000.0,1.121,1.121,1.121,1.121,155.0,17376.0,0.0,0.0,0.0,0.0
1770774723000.0,1.121,1.121,1.121,1.121,5.0,560.0,0.0,0.0,0.0,0.0
1770774726000.0,1.121,1.121,1.12,1.12,413.0,46256.0,0.0,0.0,0.0,0.0
1770774729000.0,1.12,1.12,1.12,1.12,18299.0,2049488.0,0.0,0.0,0.0,0.0
1770774732000.0,1.12,1.12,1.119,1.119,7702.0,862406.0,0.0,0.0,0.0,0.0
1770774735000.0,1.119,1.119,1.119,1.119,2099.0,234878.0,0.0,0.0,0.0,0.0
1770774741000.0,1.119,1.119,1.118,1.118,5980.0,668571.0,0.0,0.0,0.0,0.0
1770774744000.0,1.118,1.118,1.118,1.118,2646.0,295825.0,0.0,0.0,0.0,0.0
1770774747000.0,1.118,1.118,1.117,1.117,952.0,106340.0,0.0,0.0,0.0,0.0
1770774750000.0,1.117,1.118,1.117,1.118,593.0,66248.0,0.0,0.0,0.0,0.0
1770774753000.0,1.118,1.118,1.117,1.117,576.0,64339.0,0.0,0.0,0.0,0.0
1770774756000.0,1.117,1.117,1.117,1.117,1996.0,222953.0,0.0,0.0,0.0,0.0
1770774759000.0,1.117,1.117,1.117,1.117,2721.0,303677.0000000298,0.0,0.0,0.0,0.0
1770774762000.0,1.117,1.117,1.117,1.117,584.0,65212.999999940395,0.0,0.0,0.0,0.0
1770774765000.0,1.117,1.117,1.116,1.116,4869.0,543801.0000000596,0.0,0.0,0.0,0.0
1770774768000.0,1.116,1.117,1.116,1.117,3296.0,367919.9999999404,0.0,0.0,0.0,0.0
1770774771000.0,1.117,1.117,1.117,1.117,1305.0,145760.0000000298,0.0,0.0,0.0,0.0
1770774774000.0,1.117,1.117,1.117,1.117,202.0,22564.0,0.0,0.0,0.0,0.0
1770774777000.0,1.117,1.117,1.117,1.117,631.0,70442.0,0.0,0.0,0.0,0.0
1770774780000.0,1.117,1.117,1.117,1.117,200.0,22340.000000029802,0.0,0.0,0.0,0.0
1770774783000.0,1.117,1.117,1.116,1.116,1611.0,179794.9999999702,0.0,0.0,0.0,0.0
1770774786000.0,1.116,1.116,1.116,1.116,210.0,23436.0,0.0,0.0,0.0,0.0
1770774789000.0,1.116,1.116,1.116,1.116,1654.0,184571.0,0.0,0.0,0.0,0.0
1770774792000.0,1.116,1.116,1.116,1.116,299.0,33370.0,0.0,0.0,0.0,0.0
1770774795000.0,1.116,1.116,1.116,1.116,67.0,7472.0,0.0,0.0,0.0,0.0
1770774798000.0,1.116,1.116,1.116,1.116,787.0,87830.0,0.0,0.0,0.0,0.0
1770774801000.0,1.116,1.116,1.116,1.116,1577.0,175993.0,0.0,0.0,0.0,0.0
1770774804000.0,1.116,1.116,1.115,1.115,110.0,12268.0,0.0,0.0,0.0,0.0
1770774807000.0,1.115,1.115,1.115,1.115,2685.0,299386.0000000298,0.0,0.0,0.0,0.0
1770774810000.0,1.115,1.115,1.115,1.115,142.0,15833.999999970198,0.0,0.0,0.0,0.0
1770774813000.0,1.115,1.115,1.115,1.115,393.0,43841.9999999702,0.0,0.0,0.0,0.0
1770774816000.0,1.115,1.115,1.115,1.115,1253.0,139710.0000000596,0.0,0.0,0.0,0.0
1770774819000.0,1.115,1.115,1.114,1.114,9039.0,1007832.9999999702,0.0,0.0,0.0,0.0
1770774822000.0,1.114,1.115,1.114,1.115,507.0,56531.0,0.0,0.0,0.0,0.0
1770774825000.0,1.115,1.115,1.115,1.115,1486.0,165666.0000000298,0.0,0.0,0.0,0.0
1770774828000.0,1.115,1.115,1.115,1.115,1628.0,181379.9999999702,0.0,0.0,0.0,0.0
1770774831000.0,1.115,1.115,1.115,1.115,729.0,81233.0,0.0,0.0,0.0,0.0
1770774834000.0,1.115,1.115,1.115,1.115,2047.0,228200.0,0.0,0.0,0.0,0.0
1770774837000.0,1.115,1.115,1.115,1.115,50.0,5575.0,0.0,0.0,0.0,0.0
1770774840000.0,1.115,1.115,1.115,1.115,859.0,95778.9999999702,0.0,0.0,0.0,0.0
1770774843000.0,1.115,1.116,1.115,1.116,2013.0,224651.0000000298,0.0,0.0,0.0,0.0
1770774846000.0,1.116,1.117,1.116,1.117,5502.0,614399.0,0.0,0.0,0.0,0.0
1770774849000.0,1.117,1.117,1.115,1.115,5165.0,576508.0,0.0,0.0,0.0,0.0
1770774852000.0,1.115,1.117,1.115,1.117,4184.0,467353.0,0.0,0.0,0.0,0.0
1770774855000.0,1.117,1.118,1.117,1.118,5853.0,654349.0,0.0,0.0,0.0,0.0
1770774858000.0,1.118,1.118,1.118,1.118,1990.0,222292.0,0.0,0.0,0.0,0.0
1770774861000.0,1.118,1.118,1.118,1.118,271.0,30294.0,0.0,0.0,0.0,0.0
1770774864000.0,1.118,1.118,1.118,1.118,18896.0,2110689.0,0.0,0.0,0.0,0.0
1770774867000.0,1.118,1.118,1.117,1.117,856.0,95614.9999999702,0.0,0.0,0.0,0.0
1770774870000.0,1.117,1.117,1.116,1.116,244.0,27245.000000029802,0.0,0.0,0.0,0.0
1770774873000.0,1.116,1.118,1.116,1.118,1495.0,166891.0,0.0,0.0,0.0,0.0
1770774876000.0,1.118,1.118,1.118,1.118,162.0,18101.0,0.0,0.0,0.0,0.0
1770774879000.0,1.118,1.118,1.118,1.118,339.0,37878.9999999702,0.0,0.0,0.0,0.0
1770774882000.0,1.118,1.118,1.118,1.118,2868.0,320357.0000000596,0.0,0.0,0.0,0.0
1770774885000.0,1.118,1.118,1.117,1.117,5046.0,563209.9999999702,0.0,0.0,0.0,0.0
1770774888000.0,1.117,1.117,1.117,1.117,204.0,22787.0,0.0,0.0,0.0,0.0
1770774891000.0,1.117,1.117,1.116,1.116,7936.0,886477.0,0.0,0.0,0.0,0.0
1770774894000.0,1.116,1.116,1.116,1.116,149.0,16628.0,0.0,0.0,0.0,0.0
1770774900000.0,1.116,1.116,1.116,1.116,1685.0,188215.0000000298,0.0,0.0,0.0,0.0
1770774903000.0,1.116,1.116,1.116,1.116,720.0,80415.9999999702,0.0,0.0,0.0,0.0
1770774909000.0,1.116,1.117,1.116,1.117,142.0,15862.0,0.0,0.0,0.0,0.0
1770774912000.0,1.117,1.117,1.117,1.117,776.0,86658.0,0.0,0.0,0.0,0.0
1770774915000.0,1.117,1.117,1.117,1.117,765.0,85451.0000000298,0.0,0.0,0.0,0.0
1770774918000.0,1.117,1.117,1.117,1.117,588.0,65628.9999999702,0.0,0.0,0.0,0.0
1770774921000.0,1.117,1.117,1.117,1.117,72.0,8042.0,0.0,0.0,0.0,0.0
1770774924000.0,1.117,1.117,1.117,1.117,390.0,43553.0,0.0,0.0,0.0,0.0
1770774927000.0,1.117,1.118,1.117,1.118,203.0,22688.0,0.0,0.0,0.0,0.0
1770774930000.0,1.118,1.118,1.118,1.118,8.0,894.0,0.0,0.0,0.0,0.0
1770774933000.0,1.118,1.118,1.118,1.118,50.0,5590.0,0.0,0.0,0.0,0.0
1770774936000.0,1.118,1.118,1.117,1.117,1648.0,184085.0,0.0,0.0,0.0,0.0
1770774939000.0,1.117,1.117,1.117,1.117,744.0,83120.0,0.0,0.0,0.0,0.0
1770774942000.0,1.117,1.117,1.117,1.117,5490.0,612686.0000000298,0.0,0.0,0.0,0.0
1770774945000.0,1.117,1.117,1.116,1.116,1902.0,212310.9999999702,0.0,0.0,0.0,0.0
1770774948000.0,1.116,1.117,1.116,1.117,358.0,39983.0,0.0,0.0,0.0,0.0
1770774951000.0,1.117,1.117,1.117,1.117,1115.0,124458.0,0.0,0.0,0.0,0.0
1770774954000.0,1.117,1.117,1.116,1.116,630.0,70308.0,0.0,0.0,0.0,0.0
1770774957000.0,1.116,1.116,1.116,1.116,500.0,55800.0,0.0,0.0,0.0,0.0
1770774960000.0,1.116,1.116,1.116,1.116,4190.0,467344.0,0.0,0.0,0.0,0.0
1770774963000.0,1.116,1.116,1.115,1.115,4720.0,526306.0000000298,0.0,0.0,0.0,0.0
1770774966000.0,1.115,1.115,1.115,1.115,10151.0,1130836.9999999404,0.0,0.0,0.0,0.0
1770774969000.0,1.115,1.115,1.114,1.114,5849.0,651579.0000000298,0.0,0.0,0.0,0.0
1770774972000.0,1.114,1.114,1.114,1.114,1439.0,160304.0,0.0,0.0,0.0,0.0
1770774975000.0,1.114,1.114,1.113,1.113,2357.0,262348.0000000298,0.0,0.0,0.0,0.0
1770774978000.0,1.113,1.114,1.113,1.114,4884.0,544366.0,0.0,0.0,0.0,0.0
1770774981000.0,1.114,1.114,1.113,1.113,378.0,42071.9999999702,0.0,0.0,0.0,0.0
1770774984000.0,1.113,1.113,1.113,1.113,270.0,30071.0,0.0,0.0,0.0,0.0
1770774987000.0,1.113,1.113,1.113,1.113,5035.0,560376.0,0.0,0.0,0.0,0.0
1770774990000.0,1.113,1.113,1.113,1.113,981.0,109186.0,0.0,0.0,0.0,0.0
1770774993000.0,1.113,1.114,1.113,1.114,677.0,75353.0,0.0,0.0,0.0,0.0
1770774996000.0,1.114,1.114,1.113,1.113,2715.0,302209.0,0.0,0.0,0.0,0.0
1770774999000.0,1.113,1.113,1.112,1.112,275.0,30605.0,0.0,0.0,0.0,0.0
1770775002000.0,1.112,1.113,1.112,1.113,298.0,33160.0,0.0,0.0,0.0,0.0
1770775005000.0,1.113,1.113,1.112,1.112,1888.0,209957.0,0.0,0.0,0.0,0.0
1770775008000.0,1.112,1.113,1.112,1.113,1.0,112.0,0.0,0.0,0.0,0.0
1770775011000.0,1.113,1.113,1.113,1.113,2918.0,324763.0,0.0,0.0,0.0,0.0
1770775014000.0,1.113,1.113,1.112,1.112,158.0,17571.0,0.0,0.0,0.0,0.0
1770775017000.0,1.112,1.112,1.112,1.112,329.0,36604.0,0.0,0.0,0.0,0.0
1770775020000.0,1.112,1.113,1.112,1.113,155.0,17241.0,0.0,0.0,0.0,0.0
1770775023000.0,1.113,1.113,1.113,1.113,602.0,66950.0,0.0,0.0,0.0,0.0
1770775026000.0,1.113,1.113,1.112,1.112,2206.0,245309.0,0.0,0.0,0.0,0.0
1770775029000.0,1.112,1.113,1.112,1.113,33172.0,3692044.00000003,0.0,0.0,0.0,0.0
1770775032000.0,1.113,1.113,1.113,1.113,9373.0,1043214.9999999702,0.0,0.0,0.0,0.0
1770775035000.0,1.113,1.113,1.112,1.112,3039.0,338189.9999999702,0.0,0.0,0.0,0.0
1770775038000.0,1.112,1.113,1.112,1.113,1331.0,148141.0000000596,0.0,0.0,0.0,0.0
1770775041000.0,1.113,1.113,1.113,1.113,22.0,2447.9999999701977,0.0,0.0,0.0,0.0
1770775044000.0,1.113,1.113,1.113,1.113,1127.0,125435.0,0.0,0.0,0.0,0.0
1770775047000.0,1.113,1.113,1.113,1.113,681.0,75796.0,0.0,0.0,0.0,0.0
1770775050000.0,1.113,1.113,1.113,1.113,80.0,8903.999999970198,0.0,0.0,0.0,0.0
1770775053000.0,1.113,1.113,1.113,1.113,251.0,27936.000000029802,0.0,0.0,0.0,0.0
1770775056000.0,1.113,1.113,1.112,1.112,2552.0,283819.0,0.0,0.0,0.0,0.0
1770775059000.0,1.112,1.113,1.112,1.113,3.0,334.0,0.0,0.0,0.0,0.0
1770775062000.0,1.113,1.113,1.112,1.112,3352.0,373006.0000000298,0.0,0.0,0.0,0.0
1770775065000.0,1.112,1.112,1.112,1.112,3808.0,423459.9999999702,0.0,0.0,0.0,0.0
1770775068000.0,1.112,1.113,1.112,1.113,648.0,72119.0,0.0,0.0,0.0,0.0
1770775071000.0,1.113,1.113,1.112,1.112,7873.0,875478.0,0.0,0.0,0.0,0.0
1770775074000.0,1.112,1.112,1.112,1.112,14206.0,1579717.0000000298,0.0,0.0,0.0,0.0
1770775077000.0,1.112,1.112,1.112,1.112,936.0,104082.9999999702,0.0,0.0,0.0,0.0
1770775080000.0,1.112,1.112,1.112,1.112,622.0,69163.0,0.0,0.0,0.0,0.0
1770775083000.0,1.112,1.112,1.111,1.111,185.0,20568.0,0.0,0.0,0.0,0.0
1770775086000.0,1.111,1.112,1.111,1.112,2574.0,286015.0,0.0,0.0,0.0,0.0
1770775089000.0,1.112,1.112,1.111,1.111,9745.0,1082669.0,0.0,0.0,0.0,0.0
1770775092000.0,1.111,1.111,1.111,1.111,119.0,13226.0,0.0,0.0,0.0,0.0
1770775095000.0,1.111,1.111,1.111,1.111,339.0,37632.0000000298,0.0,0.0,0.0,0.0
1770775098000.0,1.111,1.111,1.11,1.11,1575.0,174869.9999999404,0.0,0.0,0.0,0.0
1770775101000.0,1.11,1.111,1.11,1.111,1751.0,194396.0000000596,0.0,0.0,0.0,0.0
1770775104000.0,1.111,1.111,1.11,1.11,331.0,36744.0,0.0,0.0,0.0,0.0
1770775107000.0,1.11,1.11,1.11,1.11,146.0,16215.999999970198,0.0,0.0,0.0,0.0
1770775110000.0,1.11,1.11,1.11,1.11,609.0,67605.0,0.0,0.0,0.0,0.0
1770775113000.0,1.11,1.11,1.11,1.11,1870.0,207570.0,0.0,0.0,0.0,0.0
1770775116000.0,1.11,1.11,1.11,1.11,32321.0,3587640.0,0.0,0.0,0.0,0.0
1770775119000.0,1.11,1.11,1.11,1.11,8047.0,893222.0,0.0,0.0,0.0,0.0
1770775122000.0,1.11,1.11,1.11,1.11,2005.0,222408.0,0.0,0.0,0.0,0.0
1770775125000.0,1.11,1.11,1.11,1.11,1701.0,188783.0,0.0,0.0,0.0,0.0
1770775128000.0,1.11,1.11,1.11,1.11,4203.0,466533.0000000298,0.0,0.0,0.0,0.0
1770775131000.0,1.11,1.11,1.11,1.11,316.0,35075.9999999702,0.0,0.0,0.0,0.0
1770775134000.0,1.11,1.111,1.11,1.111,6443.0,715091.0000000298,0.0,0.0,0.0,0.0
1770775137000.0,1.111,1.111,1.11,1.11,3903.0,433455.0,0.0,0.0,0.0,0.0
1770775140000.0,1.11,1.11,1.11,1.11,333.0,36962.9999999702,0.0,0.0,0.0,0.0
1770775143000.0,1.11,1.111,1.11,1.111,288.0,31970.0,0.0,0.0,0.0,0.0
1770775146000.0,1.111,1.111,1.11,1.11,102.0,11330.000000029802,0.0,0.0,0.0,0.0
1770775149000.0,1.11,1.111,1.11,1.111,2396.0,266192.9999999702,0.0,0.0,0.0,0.0
1770775152000.0,1.111,1.111,1.111,1.111,3705.0,411625.0,0.0,0.0,0.0,0.0
1770775155000.0,1.111,1.111,1.111,1.111,410.0,45551.0,0.0,0.0,0.0,0.0
1770775158000.0,1.111,1.112,1.111,1.112,96.0,10667.0,0.0,0.0,0.0,0.0
1770775161000.0,1.112,1.112,1.112,1.112,1091.0,121224.0,0.0,0.0,0.0,0.0
1770775164000.0,1.112,1.112,1.111,1.111,1186.0,131768.0000000298,0.0,0.0,0.0,0.0
1770775167000.0,1.111,1.111,1.111,1.111,206.0,22886.999999970198,0.0,0.0,0.0,0.0
1770775170000.0,1.111,1.111,1.111,1.111,8162.0,906300.0,0.0,0.0,0.0,0.0
1770775173000.0,1.111,1.111,1.11,1.11,452.0,50182.0000000298,0.0,0.0,0.0,0.0
1770775176000.0,1.11,1.11,1.109,1.109,2048.0,227327.9999999702,0.0,0.0,0.0,0.0
1770775179000.0,1.109,1.109,1.109,1.109,1211.0,134383.0,0.0,0.0,0.0,0.0
1770775182000.0,1.109,1.11,1.109,1.11,2429.0,269619.0000000298,0.0,0.0,0.0,0.0
1770775185000.0,1.11,1.11,1.11,1.11,3984.0,442224.0,0.0,0.0,0.0,0.0
1770775188000.0,1.11,1.11,1.11,1.11,587.0,65140.9999999702,0.0,0.0,0.0,0.0
1770775191000.0,1.11,1.11,1.11,1.11,845.0,93770.0,0.0,0.0,0.0,0.0
1770775194000.0,1.11,1.11,1.11,1.11,935.0,103817.0,0.0,0.0,0.0,0.0
1770775197000.0,1.11,1.11,1.11,1.11,1108.0,122993.0,0.0,0.0,0.0,0.0
1770775200000.0,1.11,1.11,1.11,1.11,250.0,27750.0,0.0,0.0,0.0,0.0
1770775203000.0,1.11,1.111,1.11,1.111,210.0,23331.0,0.0,0.0,0.0,0.0
1770775206000.0,1.111,1.111,1.111,1.111,1604.0,178205.0,0.0,0.0,0.0,0.0
1770775209000.0,1.111,1.111,1.11,1.11,4959.0,550452.0,0.0,0.0,0.0,0.0
1770775212000.0,1.11,1.11,1.11,1.11,9114.0,1011654.0000000298,0.0,0.0,0.0,0.0
1770775215000.0,1.11,1.11,1.11,1.11,174.0,19314.0,0.0,0.0,0.0,0.0
1770775218000.0,1.11,1.11,1.109,1.109,15568.0,1726580.0,0.0,0.0,0.0,0.0
1770775221000.0,1.109,1.109,1.108,1.108,973.0,107901.9999999702,0.0,0.0,0.0,0.0
1770775224000.0,1.108,1.109,1.108,1.109,635.0,70448.0,0.0,0.0,0.0,0.0
1770775227000.0,1.109,1.11,1.109,1.11,2762.0,306314.0,0.0,0.0,0.0,0.0
1770775230000.0,1.11,1.11,1.109,1.109,104.0,11538.0,0.0,0.0,0.0,0.0
1770775233000.0,1.109,1.109,1.109,1.109,104.0,11537.0,0.0,0.0,0.0,0.0
1770775236000.0,1.109,1.11,1.109,1.11,292.0,32402.0,0.0,0.0,0.0,0.0
1770775239000.0,1.11,1.11,1.11,1.11,345.0,38282.0,0.0,0.0,0.0,0.0
1770775242000.0,1.11,1.11,1.109,1.109,117.0,12986.0,0.0,0.0,0.0,0.0
1770775245000.0,1.109,1.109,1.109,1.109,5003.0,555142.0,0.0,0.0,0.0,0.0
1770775248000.0,1.109,1.11,1.109,1.11,126.0,13986.0,0.0,0.0,0.0,0.0
1770775251000.0,1.11,1.11,1.11,1.11,1913.0,212243.0000000298,0.0,0.0,0.0,0.0
1770775254000.0,1.11,1.11,1.11,1.11,4222.0,468330.0,0.0,0.0,0.0,0.0
1770775257000.0,1.11,1.111,1.11,1.111,4964.0,551217.9999999702,0.0,0.0,0.0,0.0
1770775260000.0,1.111,1.111,1.111,1.111,266.0,29542.0,0.0,0.0,0.0,0.0
1770775263000.0,1.111,1.111,1.111,1.111,3083.0,342522.0,0.0,0.0,0.0,0.0
1770775266000.0,1.111,1.111,1.11,1.11,3452.0,383172.0,0.0,0.0,0.0,0.0
1770775269000.0,1.11,1.11,1.11,1.11,9275.0,1030045.0000000298,0.0,0.0,0.0,0.0
1770775272000.0,1.11,1.11,1.11,1.11,700.0,77720.0,0.0,0.0,0.0,0.0
1770775275000.0,1.11,1.111,1.11,1.111,408.0,45288.9999999702,0.0,0.0,0.0,0.0
1770775278000.0,1.111,1.111,1.111,1.111,135.0,14998.0,0.0,0.0,0.0,0.0
1770775281000.0,1.111,1.111,1.111,1.111,1390.0,154392.0,0.0,0.0,0.0,0.0
1770775284000.0,1.111,1.111,1.111,1.111,140.0,15551.0,0.0,0.0,0.0,0.0
1770775287000.0,1.111,1.111,1.11,1.11,1033.0,114677.0000000298,0.0,0.0,0.0,0.0
1770775290000.0,1.11,1.111,1.11,1.111,1020.0,113321.9999999702,0.0,0.0,0.0,0.0
1770775293000.0,1.111,1.111,1.111,1.111,260.0,28872.0,0.0,0.0,0.0,0.0
1770775296000.0,1.111,1.111,1.111,1.111,685.0,76049.0,0.0,0.0,0.0,0.0
1770775299000.0,1.111,1.111,1.111,1.111,65.0,7222.0,0.0,0.0,0.0,0.0
1770775302000.0,1.111,1.111,1.111,1.111,260.0,28867.0,0.0,0.0,0.0,0.0
1770775305000.0,1.111,1.111,1.11,1.11,175.0,19425.0,0.0,0.0,0.0,0.0
1770775308000.0,1.11,1.111,1.11,1.111,619.0,68765.0,0.0,0.0,0.0,0.0
1770775311000.0,1.111,1.111,1.111,1.111,56.0,6222.0,0.0,0.0,0.0,0.0
1770775314000.0,1.111,1.111,1.111,1.111,1588.0,176284.0,0.0,0.0,0.0,0.0
1770775317000.0,1.111,1.111,1.11,1.11,24482.0,2717502.00000003,0.0,0.0,0.0,0.0
1770775320000.0,1.11,1.11,1.11,1.11,208.0,23087.999999970198,0.0,0.0,0.0,0.0
1770775323000.0,1.11,1.11,1.11,1.11,5826.0,646697.0,0.0,0.0,0.0,0.0
1770775326000.0,1.11,1.11,1.11,1.11,123.0,13653.0,0.0,0.0,0.0,0.0
1770775329000.0,1.11,1.11,1.11,1.11,172.0,19092.0,0.0,0.0,0.0,0.0
1770775332000.0,1.11,1.111,1.11,1.111,246.0,27308.0,0.0,0.0,0.0,0.0
1770775335000.0,1.111,1.111,1.111,1.111,112.0,12434.0,0.0,0.0,0.0,0.0
1770775338000.0,1.111,1.111,1.111,1.111,222.0,24659.0,0.0,0.0,0.0,0.0
1770775341000.0,1.111,1.111,1.11,1.11,19940.0,2213330.0,0.0,0.0,0.0,0.0
1770775344000.0,1.11,1.11,1.11,1.11,515.0,57165.0,0.0,0.0,0.0,0.0
1770775347000.0,1.11,1.11,1.11,1.11,315.0,34965.0,0.0,0.0,0.0,0.0
1770775350000.0,1.11,1.11,1.11,1.11,166.0,18426.0,0.0,0.0,0.0,0.0
1770775353000.0,1.11,1.11,1.11,1.11,64.0,7104.0,0.0,0.0,0.0,0.0
1770775356000.0,1.11,1.11,1.11,1.11,155.0,17195.0,0.0,0.0,0.0,0.0
1770775359000.0,1.11,1.11,1.109,1.109,353.0,39148.0,0.0,0.0,0.0,0.0
1770775362000.0,1.109,1.11,1.109,1.11,74.0,8214.000000029802,0.0,0.0,0.0,0.0
1770775365000.0,1.11,1.11,1.11,1.11,2227.0,247196.9999999702,0.0,0.0,0.0,0.0
1770775368000.0,1.11,1.11,1.11,1.11,6070.0,673199.0,0.0,0.0,0.0,0.0
1770775371000.0,1.11,1.11,1.11,1.11,297.0,32963.0,0.0,0.0,0.0,0.0
1770775374000.0,1.11,1.11,1.11,1.11,325.0,36065.0,0.0,0.0,0.0,0.0
1770775377000.0,1.11,1.11,1.109,1.109,406.0,45025.0,0.0,0.0,0.0,0.0
1770775380000.0,1.109,1.109,1.109,1.109,169.0,18750.0,0.0,0.0,0.0,0.0
1770775383000.0,1.109,1.109,1.109,1.109,449.0,49794.0,0.0,0.0,0.0,0.0
1770775386000.0,1.109,1.109,1.109,1.109,319.0,35378.0000000298,0.0,0.0,0.0,0.0
1770775389000.0,1.109,1.11,1.109,1.11,230.0,25529.999999970198,0.0,0.0,0.0,0.0
1770775392000.0,1.11,1.11,1.109,1.109,5497.0,609622.0,0.0,0.0,0.0,0.0
1770775395000.0,1.109,1.11,1.109,1.11,167.0,18533.0,0.0,0.0,0.0,0.0
1770775398000.0,1.11,1.11,1.11,1.11,101.0,11211.0,0.0,0.0,0.0,0.0
1770775404000.0,1.11,1.11,1.109,1.109,4612.0,511521.0,0.0,0.0,0.0,0.0
1770775410000.0,1.109,1.109,1.109,1.109,33.0,3659.0,0.0,0.0,0.0,0.0
1770775413000.0,1.109,1.109,1.109,1.109,5.0,555.0,0.0,0.0,0.0,0.0
1770775416000.0,1.109,1.109,1.109,1.109,134.0,14850.0,0.0,0.0,0.0,0.0
1770775419000.0,1.109,1.109,1.109,1.109,45.0,4991.000000029802,0.0,0.0,0.0,0.0
1770775422000.0,1.109,1.109,1.108,1.108,119.0,13184.999999970198,0.0,0.0,0.0,0.0
1770775425000.0,1.108,1.108,1.108,1.108,137.0,15179.0,0.0,0.0,0.0,0.0
1770775428000.0,1.108,1.108,1.108,1.108,436.0,48321.0000000298,0.0,0.0,0.0,0.0
1770775431000.0,1.108,1.108,1.108,1.108,3516.0,389572.9999999702,0.0,0.0,0.0,0.0
1770775434000.0,1.108,1.108,1.108,1.108,9542.0,1057254.0000000298,0.0,0.0,0.0,0.0
1770775437000.0,1.108,1.108,1.108,1.108,9057.0,1003516.9999999702,0.0,0.0,0.0,0.0
1770775440000.0,1.108,1.108,1.108,1.108,655.0,72574.0,0.0,0.0,0.0,0.0
1770775443000.0,1.108,1.108,1.108,1.108,8520.0,944021.0000000298,0.0,0.0,0.0,0.0
1770775446000.0,1.108,1.109,1.108,1.109,100.0,11089.999999970198,0.0,0.0,0.0,0.0
1770775449000.0,1.109,1.109,1.108,1.108,31.0,3433.9999999701977,0.0,0.0,0.0,0.0
1770775452000.0,1.108,1.108,1.107,1.107,719.0,79596.0000000298,0.0,0.0,0.0,0.0
1770775455000.0,1.107,1.108,1.107,1.108,676.0,74875.0,0.0,0.0,0.0,0.0
1770775458000.0,1.108,1.108,1.107,1.107,8705.0,963644.0000000298,0.0,0.0,0.0,0.0
1770775461000.0,1.107,1.107,1.107,1.107,510.0,56456.9999999702,0.0,0.0,0.0,0.0
1770775464000.0,1.107,1.107,1.107,1.107,45.0,4981.999999970198,0.0,0.0,0.0,0.0
1770775467000.0,1.107,1.107,1.107,1.107,247.0,27343.000000029802,0.0,0.0,0.0,0.0
1770775470000.0,1.107,1.107,1.107,1.107,1426.0,157724.9999999702,0.0,0.0,0.0,0.0
1770775473000.0,1.107,1.107,1.107,1.107,2438.0,269649.0000000298,0.0,0.0,0.0,0.0
1770775476000.0,1.107,1.107,1.106,1.106,3255.0,360003.0,0.0,0.0,0.0,0.0
1770775479000.0,1.106,1.106,1.105,1.105,14731.0,1628148.0000000298,0.0,0.0,0.0,0.0
1770775482000.0,1.105,1.106,1.105,1.106,1064.0,117609.9999999702,0.0,0.0,0.0,0.0
1770775485000.0,1.106,1.106,1.105,1.105,1989.0,219844.0,0.0,0.0,0.0,0.0
1770775488000.0,1.105,1.105,1.105,1.105,1799.0,198800.0,0.0,0.0,0.0,0.0
1770775491000.0,1.105,1.105,1.105,1.105,76.0,8398.0,0.0,0.0,0.0,0.0
1770775494000.0,1.105,1.105,1.105,1.105,323.0,35680.0000000298,0.0,0.0,0.0,0.0
1770775497000.0,1.105,1.105,1.105,1.105,1108.0,122333.9999999702,0.0,0.0,0.0,0.0
1770775500000.0,1.105,1.106,1.105,1.106,17852.0,1972554.0,0.0,0.0,0.0,0.0
1770775503000.0,1.106,1.106,1.105,1.105,1867.0,206249.0,0.0,0.0,0.0,0.0
1770775506000.0,1.105,1.105,1.105,1.105,1815.0,200557.0,0.0,0.0,0.0,0.0
1770775509000.0,1.105,1.105,1.105,1.105,1112.0,122776.0000000298,0.0,0.0,0.0,0.0
1770775512000.0,1.105,1.105,1.105,1.105,796.0,87957.0,0.0,0.0,0.0,0.0
1770775515000.0,1.105,1.105,1.104,1.104,17211.0,1900095.9999999702,0.0,0.0,0.0,0.0
1770775518000.0,1.104,1.104,1.104,1.104,1686.0,186094.0,0.0,0.0,0.0,0.0
1770775521000.0,1.104,1.104,1.104,1.104,159.0,17553.0,0.0,0.0,0.0,0.0
1770775524000.0,1.104,1.104,1.104,1.104,15652.0,1728553.0,0.0,0.0,0.0,0.0
1770775527000.0,1.104,1.104,1.104,1.104,2432.0,268602.0,0.0,0.0,0.0,0.0
1770775530000.0,1.104,1.105,1.104,1.105,855.0,94397.0,0.0,0.0,0.0,0.0
1770775533000.0,1.105,1.105,1.105,1.105,15984.0,1766232.0000000298,0.0,0.0,0.0,0.0
1770775536000.0,1.105,1.106,1.105,1.106,2938.0,324934.9999999702,0.0,0.0,0.0,0.0
1770775539000.0,1.106,1.106,1.106,1.106,3657.0,404465.0000000298,0.0,0.0,0.0,0.0
1770775542000.0,1.106,1.106,1.106,1.106,5026.0,555875.9999999702,0.0,0.0,0.0,0.0
1770775545000.0,1.106,1.106,1.106,1.106,363.0,40148.0000000298,0.0,0.0,0.0,0.0
1770775548000.0,1.106,1.106,1.106,1.106,22196.0,2454838.99999997,0.0,0.0,0.0,0.0
1770775551000.0,1.106,1.106,1.106,1.106,6070.0,671704.0,0.0,0.0,0.0,0.0
1770775554000.0,1.106,1.107,1.106,1.107,3368.0,372827.0,0.0,0.0,0.0,0.0
1770775557000.0,1.107,1.108,1.107,1.108,158.0,17494.999999970198,0.0,0.0,0.0,0.0
1770775560000.0,1.108,1.108,1.108,1.108,792.0,87754.0000000298,0.0,0.0,0.0,0.0
1770775563000.0,1.108,1.108,1.106,1.106,2472.0,273640.0,0.0,0.0,0.0,0.0
1770775566000.0,1.106,1.107,1.106,1.107,167.0,18477.0,0.0,0.0,0.0,0.0
1770775569000.0,1.107,1.107,1.107,1.107,306.0,33848.0,0.0,0.0,0.0,0.0
1770775572000.0,1.107,1.107,1.107,1.107,911.0,100800.0,0.0,0.0,0.0,0.0
1770775575000.0,1.107,1.107,1.107,1.107,365.0,40405.0,0.0,0.0,0.0,0.0
1770775578000.0,1.107,1.107,1.107,1.107,548.0,60664.0,0.0,0.0,0.0,0.0
1770775581000.0,1.107,1.108,1.107,1.108,287.0,31799.000000029802,0.0,0.0,0.0,0.0
1770775584000.0,1.108,1.108,1.108,1.108,11033.0,1222385.9999999702,0.0,0.0,0.0,0.0
1770775587000.0,1.108,1.108,1.108,1.108,112.0,12410.0,0.0,0.0,0.0,0.0
1770775590000.0,1.108,1.109,1.108,1.109,12453.0,1379775.0000000298,0.0,0.0,0.0,0.0
1770775593000.0,1.109,1.109,1.109,1.109,280.0,31028.0,0.0,0.0,0.0,0.0
1770775596000.0,1.109,1.109,1.108,1.108,512.0,56728.9999999702,0.0,0.0,0.0,0.0
1770775599000.0,1.108,1.108,1.108,1.108,30.0,3324.0,0.0,0.0,0.0,0.0
1770775602000.0,1.108,1.108,1.107,1.107,7116.0,787980.0,0.0,0.0,0.0,0.0
1770775605000.0,1.107,1.107,1.107,1.107,570.0,63099.0,0.0,0.0,0.0,0.0
1770775608000.0,1.107,1.107,1.107,1.107,223.0,24686.0,0.0,0.0,0.0,0.0
1770775611000.0,1.107,1.107,1.107,1.107,121.0,13394.0,0.0,0.0,0.0,0.0
1770775614000.0,1.107,1.107,1.107,1.107,201.0,22251.0,0.0,0.0,0.0,0.0
1770775617000.0,1.107,1.107,1.107,1.107,970.0,107379.0,0.0,0.0,0.0,0.0
1770775623000.0,1.107,1.107,1.107,1.107,10.0,1107.0,0.0,0.0,0.0,0.0
1770775626000.0,1.107,1.109,1.107,1.109,30.0,3327.0,0.0,0.0,0.0,0.0
1770775629000.0,1.109,1.109,1.109,1.109,2739.0,303733.0,0.0,0.0,0.0,0.0
1770775632000.0,1.109,1.11,1.109,1.11,541.0,59999.0,0.0,0.0,0.0,0.0
1770775635000.0,1.11,1.11,1.11,1.11,20506.0,2276166.0,0.0,0.0,0.0,0.0
1770775638000.0,1.11,1.11,1.11,1.11,869.0,96457.9999999702,0.0,0.0,0.0,0.0
1770775641000.0,1.11,1.11,1.11,1.11,10.0,1110.0,0.0,0.0,0.0,0.0
1770775644000.0,1.11,1.11,1.11,1.11,995.0,110446.0000000298,0.0,0.0,0.0,0.0
1770775647000.0,1.11,1.111,1.11,1.111,1.0,111.0,0.0,0.0,0.0,0.0
1770775650000.0,1.111,1.111,1.11,1.11,4464.0,495516.0,0.0,0.0,0.0,0.0
1770775653000.0,1.11,1.11,1.11,1.11,812.0,90132.0,0.0,0.0,0.0,0.0
1770775656000.0,1.11,1.11,1.11,1.11,423.0,46953.0000000298,0.0,0.0,0.0,0.0
1770775659000.0,1.11,1.11,1.11,1.11,24.0,2663.9999999701977,0.0,0.0,0.0,0.0
1770775662000.0,1.11,1.11,1.11,1.11,1261.0,139971.0,0.0,0.0,0.0,0.0
1770775665000.0,1.11,1.11,1.11,1.11,5574.0,618714.0,0.0,0.0,0.0,0.0
1770775668000.0,1.11,1.11,1.11,1.11,5863.0,650797.0,0.0,0.0,0.0,0.0
1770775671000.0,1.11,1.11,1.11,1.11,986.0,109446.0,0.0,0.0,0.0,0.0
1770775674000.0,1.11,1.11,1.11,1.11,71.0,7880.999999970198,0.0,0.0,0.0,0.0
1770775677000.0,1.11,1.11,1.11,1.11,687.0,76257.0000000596,0.0,0.0,0.0,0.0
1770775680000.0,1.11,1.11,1.11,1.11,1069.0,118658.9999999702,0.0,0.0,0.0,0.0
1770775683000.0,1.11,1.11,1.11,1.11,2792.0,309893.0,0.0,0.0,0.0,0.0
1770775689000.0,1.11,1.11,1.11,1.11,5893.0,654123.0,0.0,0.0,0.0,0.0
1770775692000.0,1.11,1.111,1.11,1.111,10732.0,1191262.0,0.0,0.0,0.0,0.0
1770775695000.0,1.111,1.111,1.111,1.111,34.0,3775.0000000298023,0.0,0.0,0.0,0.0
1770775698000.0,1.111,1.111,1.111,1.111,470.0,52216.9999999702,0.0,0.0,0.0,0.0
1770775701000.0,1.111,1.111,1.111,1.111,96.0,10666.0,0.0,0.0,0.0,0.0
1770775704000.0,1.111,1.111,1.11,1.11,3049.0,338438.9999999702,0.0,0.0,0.0,0.0
1770775707000.0,1.11,1.11,1.109,1.109,7020.0,778636.0000000298,0.0,0.0,0.0,0.0
1770775710000.0,1.109,1.11,1.109,1.11,390.0,43290.0,0.0,0.0,0.0,0.0
1770775713000.0,1.11,1.11,1.109,1.109,1163.0,128950.9999999702,0.0,0.0,0.0,0.0
1770775716000.0,1.109,1.109,1.109,1.109,1211.0,134300.0000000596,0.0,0.0,0.0,0.0
1770775719000.0,1.109,1.109,1.109,1.109,826.0,91538.9999999702,0.0,0.0,0.0,0.0
1770775722000.0,1.109,1.109,1.109,1.109,2910.0,322719.0,0.0,0.0,0.0,0.0
1770775728000.0,1.109,1.11,1.109,1.11,109.0,12089.999999970198,0.0,0.0,0.0,0.0
1770775734000.0,1.11,1.11,1.11,1.11,3760.0,417360.0000000596,0.0,0.0,0.0,0.0
1770775737000.0,1.11,1.111,1.11,1.111,7324.0,813672.9999999702,0.0,0.0,0.0,0.0
1770775740000.0,1.111,1.111,1.11,1.11,22371.0,2484402.99999997,0.0,0.0,0.0,0.0
1770775743000.0,1.11,1.111,1.11,1.111,119.0,13221.000000029802,0.0,0.0,0.0,0.0
1770775746000.0,1.111,1.111,1.11,1.11,7845.0,870964.0000000298,0.0,0.0,0.0,0.0
1770775749000.0,1.11,1.111,1.11,1.111,352.0,39102.0,0.0,0.0,0.0,0.0
1770775752000.0,1.111,1.111,1.111,1.111,84.0,9332.999999940395,0.0,0.0,0.0,0.0
1770775755000.0,1.111,1.111,1.11,1.11,350.0,38880.0000000298,0.0,0.0,0.0,0.0
1770775758000.0,1.11,1.111,1.11,1.111,1444.0,160428.0000000298,0.0,0.0,0.0,0.0
1770775761000.0,1.111,1.112,1.111,1.112,3.0,333.9999999701977,0.0,0.0,0.0,0.0
1770775764000.0,1.112,1.112,1.111,1.111,71.0,7886.0,0.0,0.0,0.0,0.0
1770775767000.0,1.111,1.112,1.111,1.112,439.0,48803.0000000298,0.0,0.0,0.0,0.0
1770775770000.0,1.112,1.112,1.111,1.111,110.0,12222.999999940395,0.0,0.0,0.0,0.0
1770775773000.0,1.111,1.112,1.111,1.112,80.0,8896.000000059605,0.0,0.0,0.0,0.0
1770775776000.0,1.112,1.112,1.112,1.112,11273.0,1253556.9999999404,0.0,0.0,0.0,0.0
1770775782000.0,1.112,1.113,1.112,1.113,2547.0,283482.0000000298,0.0,0.0,0.0,0.0
1770775788000.0,1.113,1.113,1.112,1.112,386.0,42960.9999999702,0.0,0.0,0.0,0.0
1770775791000.0,1.112,1.113,1.112,1.113,301.0,33502.0000000298,0.0,0.0,0.0,0.0
1770775794000.0,1.113,1.113,1.113,1.113,228.0,25376.0,0.0,0.0,0.0,0.0
1770775800000.0,1.113,1.113,1.111,1.111,19394.0,2155121.00000003,0.0,0.0,0.0,0.0
1770775803000.0,1.111,1.112,1.111,1.112,6798.0,755171.9999999702,0.0,0.0,0.0,0.0
1770775806000.0,1.112,1.112,1.112,1.112,10.0,1112.0,0.0,0.0,0.0,0.0
1770775809000.0,1.112,1.112,1.112,1.112,5917.0,657970.0000000298,0.0,0.0,0.0,0.0
1770775818000.0,1.112,1.113,1.112,1.113,1007.0,111978.9999999702,0.0,0.0,0.0,0.0
1770775821000.0,1.113,1.113,1.112,1.112,179.0,19904.000000029802,0.0,0.0,0.0,0.0
1770775824000.0,1.112,1.112,1.112,1.112,1.0,111.99999994039536,0.0,0.0,0.0,0.0
1770775827000.0,1.112,1.112,1.112,1.112,173.0,19240.000000029802,0.0,0.0,0.0,0.0
1770775830000.0,1.112,1.112,1.112,1.112,108.0,12009.999999970198,0.0,0.0,0.0,0.0
1770775839000.0,1.112,1.113,1.112,1.113,10.0,1113.0000000596046,0.0,0.0,0.0,0.0
1770775842000.0,1.113,1.113,1.112,1.112,242.0,26910.999999940395,0.0,0.0,0.0,0.0
1770775845000.0,1.112,1.113,1.112,1.113,1696.0,188765.0000000596,0.0,0.0,0.0,0.0
1770775848000.0,1.113,1.113,1.112,1.112,2735.0,304404.9999999404,0.0,0.0,0.0,0.0
1770775851000.0,1.112,1.113,1.112,1.113,247.0,27491.000000029802,0.0,0.0,0.0,0.0
1770775857000.0,1.113,1.113,1.113,1.113,10001.0,1113111.0,0.0,0.0,0.0,0.0
1770775860000.0,1.113,1.113,1.113,1.113,51.0,5676.999999970198,0.0,0.0,0.0,0.0
1770775863000.0,1.113,1.113,1.113,1.113,2052.0,228387.0000000298,0.0,0.0,0.0,0.0
1770775866000.0,1.113,1.113,1.112,1.112,2633.0,292793.0000000298,0.0,0.0,0.0,0.0
1770775869000.0,1.112,1.112,1.112,1.112,643.0,71501.0,0.0,0.0,0.0,0.0
1770775872000.0,1.112,1.112,1.112,1.112,69.0,7673.0,0.0,0.0,0.0,0.0
1770775875000.0,1.112,1.112,1.111,1.111,1712.0,190214.0,0.0,0.0,0.0,0.0
1770775878000.0,1.111,1.112,1.111,1.112,24.0,2669.0,0.0,0.0,0.0,0.0
1770775881000.0,1.112,1.112,1.111,1.111,127.0,14109.999999970198,0.0,0.0,0.0,0.0
1770775884000.0,1.111,1.112,1.111,1.112,5.0,556.0,0.0,0.0,0.0,0.0
1770775887000.0,1.112,1.112,1.111,1.111,10.0,1109.9999999701977,0.0,0.0,0.0,0.0
1770775890000.0,1.111,1.112,1.111,1.112,21748.0,2418378.00000003,0.0,0.0,0.0,0.0
1770775896000.0,1.112,1.112,1.112,1.112,554.0,61605.0,0.0,0.0,0.0,0.0
1770775899000.0,1.112,1.112,1.112,1.112,113.0,12566.999999970198,0.0,0.0,0.0,0.0
1770775902000.0,1.112,1.112,1.112,1.112,291.0,32359.000000029802,0.0,0.0,0.0,0.0
1770775905000.0,1.112,1.112,1.112,1.112,1.0,111.00000002980232,0.0,0.0,0.0,0.0
1770775908000.0,1.112,1.112,1.112,1.112,143.0,15901.999999940395,0.0,0.0,0.0,0.0
1770775914000.0,1.112,1.113,1.112,1.113,2049.0,227850.0000000298,0.0,0.0,0.0,0.0
1770775917000.0,1.113,1.113,1.112,1.112,1770.0,196824.0000000298,0.0,0.0,0.0,0.0
1770775923000.0,1.112,1.112,1.111,1.111,1020.0,113324.0,0.0,0.0,0.0,0.0
1770775926000.0,1.111,1.111,1.111,1.111,1018.0,113099.0,0.0,0.0,0.0,0.0
1770775929000.0,1.111,1.111,1.111,1.111,319.0,35441.0,0.0,0.0,0.0,0.0
1770775932000.0,1.111,1.111,1.111,1.111,352.0,39106.9999999702,0.0,0.0,0.0,0.0
1770775935000.0,1.111,1.111,1.11,1.11,200.0,22200.0,0.0,0.0,0.0,0.0
1770775938000.0,1.11,1.11,1.11,1.11,6017.0,667887.0,0.0,0.0,0.0,0.0
1770775941000.0,1.11,1.11,1.11,1.11,3506.0,389166.0,0.0,0.0,0.0,0.0
1770775947000.0,1.11,1.11,1.109,1.109,20.0,2218.0,0.0,0.0,0.0,0.0
1770775950000.0,1.109,1.109,1.109,1.109,176.0,19518.999999970198,0.0,0.0,0.0,0.0
1770775953000.0,1.109,1.11,1.109,1.11,40.0,4439.000000029802,0.0,0.0,0.0,0.0
1770775959000.0,1.11,1.11,1.11,1.11,219.0,24309.0,0.0,0.0,0.0,0.0
1770775962000.0,1.11,1.11,1.109,1.109,140.0,15525.999999970198,0.0,0.0,0.0,0.0
1770775965000.0,1.109,1.11,1.109,1.11,2.0,222.00000005960464,0.0,0.0,0.0,0.0
1770775968000.0,1.11,1.11,1.109,1.109,426.0,47244.0,0.0,0.0,0.0,0.0
1770775971000.0,1.109,1.109,1.109,1.109,5005.0,555053.9999999404,0.0,0.0,0.0,0.0
1770775974000.0,1.109,1.109,1.108,1.108,1033.0,114457.0000000596,0.0,0.0,0.0,0.0
1770775977000.0,1.108,1.108,1.108,1.108,25.0,2769.9999999403954,0.0,0.0,0.0,0.0
1770775980000.0,1.108,1.108,1.107,1.107,3639.0,402837.0000000298,0.0,0.0,0.0,0.0
1770775983000.0,1.107,1.107,1.107,1.107,1198.0,132509.9999999702,0.0,0.0,0.0,0.0
1770775986000.0,1.107,1.107,1.106,1.106,3547.0,392299.0,0.0,0.0,0.0,0.0
1770775989000.0,1.106,1.106,1.106,1.106,1409.0,155835.0000000298,0.0,0.0,0.0,0.0
1770775992000.0,1.106,1.106,1.106,1.106,3663.0,405485.0,0.0,0.0,0.0,0.0
1770775998000.0,1.106,1.107,1.106,1.107,234.0,25903.999999970198,0.0,0.0,0.0,0.0
1770776001000.0,1.107,1.107,1.107,1.107,197.0,21818.000000029802,0.0,0.0,0.0,0.0
1770776004000.0,1.107,1.107,1.106,1.106,1.0,110.0,0.0,0.0,0.0,0.0
1770776007000.0,1.106,1.107,1.106,1.107,4.0,443.0000000298023,0.0,0.0,0.0,0.0
1770776010000.0,1.107,1.108,1.107,1.108,2.0,221.99999997019768,0.0,0.0,0.0,0.0
1770776013000.0,1.108,1.108,1.108,1.108,743.0,82189.0,0.0,0.0,0.0,0.0
1770776016000.0,1.108,1.108,1.107,1.107,3995.0,442247.0,0.0,0.0,0.0,0.0
1770776019000.0,1.107,1.107,1.106,1.106,483.0,53466.0,0.0,0.0,0.0,0.0
1770776022000.0,1.106,1.107,1.106,1.107,439.0,48596.9999999702,0.0,0.0,0.0,0.0
1770776025000.0,1.107,1.107,1.107,1.107,83.0,9188.000000029802,0.0,0.0,0.0,0.0
1770776028000.0,1.107,1.107,1.106,1.106,57.0,6305.000000029802,0.0,0.0,0.0,0.0
1770776031000.0,1.106,1.107,1.106,1.107,13.0,1438.9999999701977,0.0,0.0,0.0,0.0
1770776034000.0,1.107,1.107,1.107,1.107,72.0,7973.999999970198,0.0,0.0,0.0,0.0
1770776040000.0,1.107,1.108,1.107,1.108,6.0,665.0000000298023,0.0,0.0,0.0,0.0
1770776043000.0,1.108,1.108,1.108,1.108,2035.0,225478.0,0.0,0.0,0.0,0.0
1770776046000.0,1.108,1.108,1.108,1.108,251.0,27811.000000029802,0.0,0.0,0.0,0.0
1770776049000.0,1.108,1.109,1.108,1.109,194.0,21514.999999970198,0.0,0.0,0.0,0.0
1770776052000.0,1.109,1.109,1.108,1.108,5027.0,556991.0000000298,0.0,0.0,0.0,0.0
1770776055000.0,1.108,1.108,1.108,1.108,729.0,80772.9999999702,0.0,0.0,0.0,0.0
1770776058000.0,1.108,1.108,1.108,1.108,61.0,6759.0,0.0,0.0,0.0,0.0
1770776061000.0,1.108,1.108,1.107,1.107,61.0,6757.999999970198,0.0,0.0,0.0,0.0
1770776064000.0,1.107,1.108,1.107,1.108,124.0,13739.000000059605,0.0,0.0,0.0,0.0
1770776067000.0,1.108,1.108,1.107,1.107,1520.0,168402.0,0.0,0.0,0.0,0.0
1770776070000.0,1.107,1.108,1.107,1.108,92.0,10185.999999970198,0.0,0.0,0.0,0.0
1770776073000.0,1.108,1.108,1.107,1.107,5254.0,581618.0,0.0,0.0,0.0,0.0
1770776076000.0,1.107,1.107,1.107,1.107,68.0,7527.999999970198,0.0,0.0,0.0,0.0
1770776079000.0,1.107,1.107,1.107,1.107,305.0,33762.000000059605,0.0,0.0,0.0,0.0
1770776082000.0,1.107,1.107,1.107,1.107,26.0,2877.9999999701977,0.0,0.0,0.0,0.0
1770776088000.0,1.107,1.107,1.107,1.107,2169.0,240210.9999999702,0.0,0.0,0.0,0.0
1770776091000.0,1.107,1.107,1.106,1.106,223.0,24684.000000059605,0.0,0.0,0.0,0.0
1770776094000.0,1.106,1.107,1.106,1.107,2016.0,223087.9999999404,0.0,0.0,0.0,0.0
1770776097000.0,1.107,1.108,1.107,1.108,3654.0,404863.0000000298,0.0,0.0,0.0,0.0
1770776100000.0,1.108,1.108,1.108,1.108,252.0,27922.0,0.0,0.0,0.0,0.0
1770776103000.0,1.108,1.109,1.108,1.109,109.0,12076.0,0.0,0.0,0.0,0.0
1770776106000.0,1.109,1.109,1.109,1.109,535.0,59282.0,0.0,0.0,0.0,0.0
1770776109000.0,1.109,1.109,1.109,1.109,1.0,111.00000002980232,0.0,0.0,0.0,0.0
1770776112000.0,1.109,1.109,1.109,1.109,1355.0,150143.9999999702,0.0,0.0,0.0,0.0
1770776115000.0,1.109,1.109,1.109,1.109,111.0,12309.000000029802,0.0,0.0,0.0,0.0
1770776118000.0,1.109,1.109,1.108,1.108,500.0,55400.0,0.0,0.0,0.0,0.0
1770776121000.0,1.108,1.108,1.108,1.108,57.0,6315.999999940395,0.0,0.0,0.0,0.0
1770776127000.0,1.108,1.108,1.108,1.108,17164.0,1901772.0000000596,0.0,0.0,0.0,0.0
1770776130000.0,1.108,1.108,1.108,1.108,237.0,26260.0,0.0,0.0,0.0,0.0
1770776133000.0,1.108,1.108,1.107,1.107,616.0,68242.0,0.0,0.0,0.0,0.0
1770776136000.0,1.107,1.107,1.107,1.107,1117.0,123662.9999999702,0.0,0.0,0.0,0.0
1770776139000.0,1.107,1.107,1.107,1.107,96.0,10628.0,0.0,0.0,0.0,0.0
1770776142000.0,1.107,1.108,1.107,1.108,254.0,28143.0,0.0,0.0,0.0,0.0
1770776148000.0,1.108,1.108,1.108,1.108,100.0,11080.000000029802,0.0,0.0,0.0,0.0
1770776151000.0,1.108,1.108,1.107,1.107,271.0,30025.999999970198,0.0,0.0,0.0,0.0
1770776154000.0,1.107,1.107,1.107,1.107,232.0,25693.0,0.0,0.0,0.0,0.0
1770776157000.0,1.107,1.107,1.107,1.107,7064.0,781391.0000000298,0.0,0.0,0.0,0.0
1770776163000.0,1.107,1.108,1.107,1.108,907.0,100425.9999999702,0.0,0.0,0.0,0.0
1770776166000.0,1.108,1.108,1.107,1.107,224.0,24797.000000029802,0.0,0.0,0.0,0.0
1770776169000.0,1.107,1.107,1.106,1.106,1470.0,162646.9999999702,0.0,0.0,0.0,0.0
1770776172000.0,1.106,1.106,1.106,1.106,1686.0,186477.0,0.0,0.0,0.0,0.0
1770776175000.0,1.106,1.106,1.106,1.106,5384.0,595571.0000000298,0.0,0.0,0.0,0.0
1770776178000.0,1.106,1.106,1.106,1.106,240.0,26543.999999970198,0.0,0.0,0.0,0.0
1770776181000.0,1.106,1.106,1.106,1.106,44.0,4866.000000029802,0.0,0.0,0.0,0.0
1770776184000.0,1.106,1.106,1.106,1.106,10.0,1105.9999999701977,0.0,0.0,0.0,0.0
1770776187000.0,1.106,1.106,1.106,1.106,6442.0,712416.0,0.0,0.0,0.0,0.0
1770776190000.0,1.106,1.106,1.106,1.106,186.0,20555.0,0.0,0.0,0.0,0.0
1770776193000.0,1.106,1.106,1.106,1.106,7365.0,814588.9999999702,0.0,0.0,0.0,0.0
1770776196000.0,1.106,1.106,1.106,1.106,1036.0,114581.0000000298,0.0,0.0,0.0,0.0
1770776199000.0,1.106,1.107,1.106,1.107,6228.0,689440.0,0.0,0.0,0.0,0.0
1770776202000.0,1.107,1.107,1.107,1.107,9666.0,1070026.0,0.0,0.0,0.0,0.0
1770776205000.0,1.107,1.107,1.107,1.107,4596.0,508777.0,0.0,0.0,0.0,0.0
1770776208000.0,1.107,1.107,1.107,1.107,686.0,75955.0,0.0,0.0,0.0,0.0
1770776211000.0,1.107,1.108,1.107,1.108,450.0,49860.0000000298,0.0,0.0,0.0,0.0
1770776214000.0,1.108,1.108,1.107,1.107,988.0,109381.9999999702,0.0,0.0,0.0,0.0
1770776217000.0,1.107,1.109,1.107,1.109,1000.0,110890.0,0.0,0.0,0.0,0.0
1770776223000.0,1.109,1.109,1.108,1.108,522.0,57837.0,0.0,0.0,0.0,0.0
1770776226000.0,1.108,1.109,1.108,1.109,2291.0,254072.0000000298,0.0,0.0,0.0,0.0
1770776229000.0,1.109,1.109,1.109,1.109,531.0,58887.9999999702,0.0,0.0,0.0,0.0
1770776232000.0,1.109,1.109,1.109,1.109,97.0,10757.000000029802,0.0,0.0,0.0,0.0
1770776235000.0,1.109,1.109,1.109,1.109,171.0,18964.0,0.0,0.0,0.0,0.0
1770776238000.0,1.109,1.109,1.109,1.109,667.0,74026.9999999702,0.0,0.0,0.0,0.0
1770776241000.0,1.109,1.109,1.109,1.109,372.0,41255.0000000298,0.0,0.0,0.0,0.0
1770776244000.0,1.109,1.109,1.109,1.109,115.0,12752.999999970198,0.0,0.0,0.0,0.0
1770776247000.0,1.109,1.109,1.109,1.109,4090.0,453581.0000000298,0.0,0.0,0.0,0.0
1770776250000.0,1.109,1.109,1.109,1.109,595.0,65985.9999999702,0.0,0.0,0.0,0.0
1770776253000.0,1.109,1.109,1.108,1.108,116.0,12864.0,0.0,0.0,0.0,0.0
1770776256000.0,1.108,1.108,1.107,1.107,11636.0,1289151.9999999702,0.0,0.0,0.0,0.0
1770776259000.0,1.107,1.108,1.107,1.108,1961.0,217279.0000000596,0.0,0.0,0.0,0.0
1770776262000.0,1.108,1.108,1.108,1.108,1033.0,114457.0,0.0,0.0,0.0,0.0
1770776265000.0,1.108,1.108,1.108,1.108,50.0,5540.0,0.0,0.0,0.0,0.0
1770776268000.0,1.108,1.108,1.107,1.107,1605.0,177672.9999999404,0.0,0.0,0.0,0.0
1770776271000.0,1.107,1.107,1.107,1.107,947.0,104835.0000000298,0.0,0.0,0.0,0.0
1770776274000.0,1.107,1.107,1.107,1.107,608.0,67306.0000000298,0.0,0.0,0.0,0.0
1770776280000.0,1.107,1.107,1.107,1.107,2.0,220.99999997019768,0.0,0.0,0.0,0.0
1770776283000.0,1.107,1.107,1.107,1.107,70.0,7749.000000029802,0.0,0.0,0.0,0.0
1770776286000.0,1.107,1.108,1.107,1.108,110.0,12186.999999970198,0.0,0.0,0.0,0.0
1770776289000.0,1.108,1.108,1.108,1.108,200.0,22160.0,0.0,0.0,0.0,0.0
1770776292000.0,1.108,1.108,1.108,1.108,6.0,665.0,0.0,0.0,0.0,0.0
1770776295000.0,1.108,1.108,1.108,1.108,13228.0,1464341.0,0.0,0.0,0.0,0.0
1770776298000.0,1.108,1.108,1.108,1.108,462.0,51144.0,0.0,0.0,0.0,0.0
1770776301000.0,1.108,1.108,1.108,1.108,13277.0,1469766.0,0.0,0.0,0.0,0.0
1770776304000.0,1.108,1.108,1.108,1.108,16.0,1773.0000000596046,0.0,0.0,0.0,0.0
1770776307000.0,1.108,1.108,1.107,1.107,7062.0,781762.9999999404,0.0,0.0,0.0,0.0
1770776310000.0,1.107,1.107,1.107,1.107,663.0,73435.0,0.0,0.0,0.0,0.0
1770776313000.0,1.107,1.107,1.107,1.107,200.0,22139.999999940395,0.0,0.0,0.0,0.0
1770776316000.0,1.107,1.107,1.107,1.107,365.0,40395.000000059605,0.0,0.0,0.0,0.0
1770776319000.0,1.107,1.107,1.107,1.107,500.0,55350.0,0.0,0.0,0.0,0.0
1770776322000.0,1.107,1.107,1.106,1.106,1915.0,211799.0,0.0,0.0,0.0,0.0
1770776325000.0,1.106,1.106,1.106,1.106,471.0,52093.000000059605,0.0,0.0,0.0,0.0
1770776328000.0,1.106,1.106,1.106,1.106,40.0,4424.0,0.0,0.0,0.0,0.0
1770776331000.0,1.106,1.106,1.106,1.106,28.0,3093.9999999403954,0.0,0.0,0.0,0.0
1770776334000.0,1.106,1.106,1.105,1.105,329.0,36355.000000059605,0.0,0.0,0.0,0.0
1770776337000.0,1.105,1.106,1.105,1.106,103.0,11392.0,0.0,0.0,0.0,0.0
1770776340000.0,1.106,1.106,1.105,1.105,1396.0,154257.9999999404,0.0,0.0,0.0,0.0
1770776346000.0,1.105,1.105,1.105,1.105,53.0,5856.0,0.0,0.0,0.0,0.0
1770776349000.0,1.105,1.106,1.105,1.106,160.0,17694.0,0.0,0.0,0.0,0.0
1770776355000.0,1.106,1.106,1.106,1.106,92.0,10175.0,0.0,0.0,0.0,0.0
1770776358000.0,1.106,1.106,1.106,1.106,20.0,2212.0,0.0,0.0,0.0,0.0
1770776361000.0,1.106,1.106,1.106,1.106,10.0,1105.9999999403954,0.0,0.0,0.0,0.0
1770776364000.0,1.106,1.106,1.106,1.106,10135.0,1120931.0000000596,0.0,0.0,0.0,0.0
1770776367000.0,1.106,1.106,1.106,1.106,5429.0,599908.0000000596,0.0,0.0,0.0,0.0
1770776373000.0,1.106,1.106,1.106,1.106,51.0,5640.999999940395,0.0,0.0,0.0,0.0
1770776376000.0,1.106,1.106,1.106,1.106,10.0,1106.0,0.0,0.0,0.0,0.0
1770776379000.0,1.106,1.106,1.106,1.106,2556.0,282442.9999999404,0.0,0.0,0.0,0.0
1770776382000.0,1.106,1.106,1.105,1.105,415.0,45859.000000059605,0.0,0.0,0.0,0.0
1770776385000.0,1.105,1.106,1.105,1.106,33.0,3649.0000000596046,0.0,0.0,0.0,0.0
1770776388000.0,1.106,1.106,1.106,1.106,27.0,2985.9999999403954,0.0,0.0,0.0,0.0
1770776391000.0,1.106,1.106,1.105,1.105,3275.0,361900.0,0.0,0.0,0.0,0.0
1770776394000.0,1.105,1.106,1.105,1.106,16.0,1769.0,0.0,0.0,0.0,0.0
1770776397000.0,1.106,1.106,1.106,1.106,5674.0,627535.0,0.0,0.0,0.0,0.0
1770776400000.0,1.106,1.107,1.106,1.107,122.0,13499.0,0.0,0.0,0.0,0.0
1770776403000.0,1.107,1.107,1.107,1.107,3742.0,414235.0000000596,0.0,0.0,0.0,0.0
1770776409000.0,1.107,1.108,1.107,1.108,121.0,13407.0,0.0,0.0,0.0,0.0
1770776412000.0,1.108,1.108,1.108,1.108,2001.0,221709.9999998808,0.0,0.0,0.0,0.0
1770776415000.0,1.108,1.108,1.108,1.108,591.0,65483.000000059605,0.0,0.0,0.0,0.0
1770776421000.0,1.108,1.108,1.108,1.108,50.0,5540.0,0.0,0.0,0.0,0.0
1770776424000.0,1.108,1.11,1.108,1.11,2984.0,331167.0,0.0,0.0,0.0,0.0
1770776427000.0,1.11,1.11,1.109,1.109,10025.0,1111773.0,0.0,0.0,0.0,0.0
1770776430000.0,1.109,1.109,1.109,1.109,216.0,23954.0,0.0,0.0,0.0,0.0
1770776436000.0,1.109,1.109,1.109,1.109,335.0,37151.999999940395,0.0,0.0,0.0,0.0
1770776445000.0,1.109,1.11,1.109,1.11,746.0,82761.0000000596,0.0,0.0,0.0,0.0
1770776448000.0,1.11,1.11,1.11,1.11,112.0,12432.0,0.0,0.0,0.0,0.0
1770776451000.0,1.11,1.11,1.109,1.109,10182.0,1129184.0,0.0,0.0,0.0,0.0
1770776454000.0,1.109,1.109,1.109,1.109,3835.0,425302.0,0.0,0.0,0.0,0.0
1770776457000.0,1.109,1.109,1.109,1.109,636.0,70531.9999999404,0.0,0.0,0.0,0.0
1770776460000.0,1.109,1.109,1.109,1.109,1505.0,166905.0000000596,0.0,0.0,0.0,0.0
1770776466000.0,1.109,1.109,1.109,1.109,50.0,5545.000000059605,0.0,0.0,0.0,0.0
1770776469000.0,1.109,1.11,1.109,1.11,170.0,18870.0,0.0,0.0,0.0,0.0
1770776472000.0,1.11,1.11,1.109,1.109,230.0,25506.999999940395,0.0,0.0,0.0,0.0
1770776475000.0,1.109,1.11,1.109,1.11,192.0,21311.000000059605,0.0,0.0,0.0,0.0
1770776478000.0,1.11,1.11,1.11,1.11,405.0,44914.999999940395,0.0,0.0,0.0,0.0
1770776481000.0,1.11,1.11,1.11,1.11,10.0,1110.0,0.0,0.0,0.0,0.0
1770776484000.0,1.11,1.11,1.109,1.109,125.0,13863.0,0.0,0.0,0.0,0.0
1770776487000.0,1.109,1.109,1.109,1.109,25.0,2772.0,0.0,0.0,0.0,0.0
1770776490000.0,1.109,1.109,1.109,1.109,50.0,5545.0,0.0,0.0,0.0,0.0
1770776496000.0,1.109,1.109,1.109,1.109,1112.0,123220.0,0.0,0.0,0.0,0.0
1770776499000.0,1.109,1.109,1.109,1.109,410.0,45429.0,0.0,0.0,0.0,0.0
1770776502000.0,1.109,1.109,1.109,1.109,100.0,11090.0,0.0,0.0,0.0,0.0
1770776505000.0,1.109,1.109,1.109,1.109,673.0,74589.0,0.0,0.0,0.0,0.0
1770776511000.0,1.109,1.109,1.109,1.109,100.0,11090.0,0.0,0.0,0.0,0.0
1770776514000.0,1.109,1.11,1.109,1.11,301.0,33381.0,0.0,0.0,0.0,0.0
1770776517000.0,1.11,1.11,1.109,1.109,20.0,2218.0,0.0,0.0,0.0,0.0
1770776520000.0,1.109,1.109,1.109,1.109,20.0,2218.0,0.0,0.0,0.0,0.0
1770776523000.0,1.109,1.11,1.109,1.11,13.0,1441.9999999403954,0.0,0.0,0.0,0.0
1770776526000.0,1.11,1.11,1.11,1.11,90.0,9990.000000059605,0.0,0.0,0.0,0.0
1770776529000.0,1.11,1.11,1.11,1.11,60.0,6659.999999940395,0.0,0.0,0.0,0.0
1770776532000.0,1.11,1.11,1.11,1.11,158.0,17538.0,0.0,0.0,0.0,0.0
1770776535000.0,1.11,1.11,1.11,1.11,502.0,55722.00000011921,0.0,0.0,0.0,0.0
1770776538000.0,1.11,1.11,1.11,1.11,68.0,7547.999999940395,0.0,0.0,0.0,0.0
1770776541000.0,1.11,1.11,1.11,1.11,322.0,35742.0,0.0,0.0,0.0,0.0
1770776547000.0,1.11,1.111,1.11,1.111,100.0,11110.0,0.0,0.0,0.0,0.0
1770776553000.0,1.111,1.111,1.111,1.111,208.0,23109.0,0.0,0.0,0.0,0.0
1770776556000.0,1.111,1.111,1.11,1.11,1490.0,165399.0,0.0,0.0,0.0,0.0
1770776559000.0,1.11,1.11,1.11,1.11,431.0,47841.0,0.0,0.0,0.0,0.0
1770776562000.0,1.11,1.11,1.11,1.11,1.0,111.0,0.0,0.0,0.0,0.0
1770776565000.0,1.11,1.11,1.11,1.11,209.0,23199.0,0.0,0.0,0.0,0.0
1770776568000.0,1.11,1.11,1.11,1.11,592.0,65712.0,0.0,0.0,0.0,0.0
1770776577000.0,1.11,1.11,1.11,1.11,2000.0,222000.0,0.0,0.0,0.0,0.0
1770776580000.0,1.11,1.11,1.11,1.11,286.0,31746.0,0.0,0.0,0.0,0.0
1770776583000.0,1.11,1.11,1.11,1.11,10.0,1110.0,0.0,0.0,0.0,0.0
1770776586000.0,1.11,1.11,1.11,1.11,7762.0,861582.0,0.0,0.0,0.0,0.0
1770776589000.0,1.11,1.11,1.11,1.11,22.0,2442.0,0.0,0.0,0.0,0.0
1770776592000.0,1.11,1.11,1.11,1.11,54.0,5994.0,0.0,0.0,0.0,0.0
1770776595000.0,1.11,1.11,1.11,1.11,27.0,2997.0,0.0,0.0,0.0,0.0
1770776601000.0,1.11,1.11,1.11,1.11,2102.0,233322.0,0.0,0.0,0.0,0.0
1770776604000.0,1.11,1.111,1.11,1.111,71.0,7874.0,0.0,0.0,0.0,0.0
1770776607000.0,1.111,1.111,1.111,1.111,493.0,54773.0,0.0,0.0,0.0,0.0
1770776610000.0,1.111,1.111,1.111,1.111,277.0,30751.0,0.0,0.0,0.0,0.0
1770776616000.0,1.111,1.111,1.111,1.111,190.0,21099.999999940395,0.0,0.0,0.0,0.0
1770776619000.0,1.111,1.111,1.11,1.11,146.0,16206.00000011921,0.0,0.0,0.0,0.0
1770776622000.0,1.11,1.11,1.11,1.11,2681.0,297595.9999999404,0.0,0.0,0.0,0.0
1770776625000.0,1.11,1.111,1.11,1.111,561.0,62247.0,0.0,0.0,0.0,0.0
1770776631000.0,1.111,1.111,1.109,1.109,72.0,7989.0,0.0,0.0,0.0,0.0
1770776634000.0,1.109,1.109,1.109,1.109,517.0,57386.0,0.0,0.0,0.0,0.0
1770776637000.0,1.109,1.109,1.109,1.109,5600.0,621111.0,0.0,0.0,0.0,0.0
1770776640000.0,1.109,1.109,1.109,1.109,1827.0,202614.0,0.0,0.0,0.0,0.0
1770776643000.0,1.109,1.109,1.108,1.108,505.0,56054.0,0.0,0.0,0.0,0.0
1770776649000.0,1.108,1.109,1.108,1.109,60.0,6654.0,0.0,0.0,0.0,0.0
1770776652000.0,1.109,1.11,1.109,1.11,127.0,14097.0,0.0,0.0,0.0,0.0
1770776655000.0,1.11,1.11,1.11,1.11,102.0,11322.000000059605,0.0,0.0,0.0,0.0
1770776658000.0,1.11,1.11,1.11,1.11,1000.0,111000.0,0.0,0.0,0.0,0.0
1770776661000.0,1.11,1.11,1.11,1.11,108.0,11987.999999940395,0.0,0.0,0.0,0.0
1770776670000.0,1.11,1.11,1.11,1.11,55.0,6108.000000059605,0.0,0.0,0.0,0.0
1770776673000.0,1.11,1.11,1.11,1.11,172.0,19091.99999988079,0.0,0.0,0.0,0.0
1770776676000.0,1.11,1.11,1.11,1.11,1886.0,209346.0000001192,0.0,0.0,0.0,0.0
1770776679000.0,1.11,1.111,1.11,1.111,15.0,1666.0,0.0,0.0,0.0,0.0
1770776682000.0,1.111,1.111,1.111,1.111,20.0,2221.9999999403954,0.0,0.0,0.0,0.0
1770776688000.0,1.111,1.111,1.111,1.111,23.0,2556.0,0.0,0.0,0.0,0.0
1770776694000.0,1.111,1.111,1.111,1.111,1204.0,133764.0,0.0,0.0,0.0,0.0
1770776697000.0,1.111,1.112,1.111,1.112,4319.0,480176.0,0.0,0.0,0.0,0.0
1770776700000.0,1.112,1.112,1.111,1.111,19.0,2111.0,0.0,0.0,0.0,0.0
1770776703000.0,1.111,1.111,1.111,1.111,228.0,25331.0,0.0,0.0,0.0,0.0
1770776709000.0,1.111,1.112,1.111,1.112,3907.0,434097.0,0.0,0.0,0.0,0.0
1770776715000.0,1.112,1.112,1.111,1.111,70.0,7776.0,0.0,0.0,0.0,0.0
1770776718000.0,1.111,1.111,1.111,1.111,475.0,52753.0,0.0,0.0,0.0,0.0
1770776721000.0,1.111,1.111,1.11,1.11,379.0,42087.0,0.0,0.0,0.0,0.0
1770776724000.0,1.11,1.111,1.11,1.111,214.0,23776.0,0.0,0.0,0.0,0.0
1770776727000.0,1.111,1.111,1.111,1.111,20.0,2222.0,0.0,0.0,0.0,0.0
1770776730000.0,1.111,1.111,1.11,1.11,320.0,35550.0,0.0,0.0,0.0,0.0
1770776733000.0,1.11,1.11,1.11,1.11,114.0,12654.0,0.0,0.0,0.0,0.0
1770776739000.0,1.11,1.11,1.11,1.11,3471.0,385296.0,0.0,0.0,0.0,0.0
1770776742000.0,1.11,1.11,1.109,1.109,5.0,554.0,0.0,0.0,0.0,0.0
1770776745000.0,1.109,1.11,1.109,1.11,2145.0,238095.0,0.0,0.0,0.0,0.0
1770776751000.0,1.11,1.11,1.11,1.11,40.0,4440.0,0.0,0.0,0.0,0.0
1770776757000.0,1.11,1.11,1.109,1.109,1542.0,171010.0,0.0,0.0,0.0,0.0
1770776766000.0,1.109,1.109,1.109,1.109,100.0,11090.0,0.0,0.0,0.0,0.0
1770776769000.0,1.109,1.109,1.109,1.109,125.0,13863.0,0.0,0.0,0.0,0.0
1770776772000.0,1.109,1.109,1.109,1.109,1639.0,181753.0,0.0,0.0,0.0,0.0
1770776775000.0,1.109,1.11,1.109,1.11,90.0,9990.0,0.0,0.0,0.0,0.0
1770776778000.0,1.11,1.11,1.109,1.109,89.0,9874.0,0.0,0.0,0.0,0.0
1770776781000.0,1.109,1.11,1.109,1.11,10.0,1110.0,0.0,0.0,0.0,0.0
1770776787000.0,1.11,1.11,1.11,1.11,20.0,2220.0,0.0,0.0,0.0,0.0
1770776790000.0,1.11,1.11,1.11,1.11,1.0,111.0,0.0,0.0,0.0,0.0
1770776793000.0,1.11,1.11,1.11,1.11,115.0,12765.0,0.0,0.0,0.0,0.0
1770776799000.0,1.11,1.11,1.11,1.11,102.0,11322.000000059605,0.0,0.0,0.0,0.0
1770776802000.0,1.11,1.11,1.109,1.109,292.0,32397.999999940395,0.0,0.0,0.0,0.0
1770776805000.0,1.109,1.11,1.109,1.11,100.0,11100.0,0.0,0.0,0.0,0.0
1770776808000.0,1.11,1.11,1.109,1.109,634.0,70311.0,0.0,0.0,0.0,0.0
1770776814000.0,1.109,1.109,1.109,1.109,14.0,1552.0,0.0,0.0,0.0,0.0
1770776820000.0,1.109,1.109,1.109,1.109,132.0,14639.0,0.0,0.0,0.0,0.0
1770776829000.0,1.109,1.109,1.109,1.109,10.0,1109.0,0.0,0.0,0.0,0.0
1770776832000.0,1.109,1.109,1.109,1.109,106.0,11756.0,0.0,0.0,0.0,0.0
1770776838000.0,1.109,1.109,1.109,1.109,211.0,23379.0,0.0,0.0,0.0,0.0
1770776841000.0,1.109,1.109,1.109,1.109,9498.0,1053329.0,0.0,0.0,0.0,0.0
1770776844000.0,1.109,1.109,1.109,1.109,504.0,55893.0,0.0,0.0,0.0,0.0
1770776847000.0,1.109,1.109,1.109,1.109,9.0,998.0,0.0,0.0,0.0,0.0
1770776850000.0,1.109,1.11,1.109,1.11,934.0,103584.0,0.0,0.0,0.0,0.0
1770776853000.0,1.11,1.11,1.11,1.11,1.0,111.0,0.0,0.0,0.0,0.0
1770776856000.0,1.11,1.11,1.11,1.11,76.0,8436.0,0.0,0.0,0.0,0.0
1770776859000.0,1.11,1.11,1.11,1.11,120.0,13320.0,0.0,0.0,0.0,0.0
1770776868000.0,1.11,1.11,1.11,1.11,19.0,2109.0,0.0,0.0,0.0,0.0
1770776871000.0,1.11,1.11,1.11,1.11,4155.0,460802.0,0.0,0.0,0.0,0.0
1770776874000.0,1.11,1.11,1.109,1.109,205.0,22734.0,0.0,0.0,0.0,0.0
1770776877000.0,1.109,1.109,1.109,1.109,12.0,1331.0,0.0,0.0,0.0,0.0
1770776880000.0,1.109,1.11,1.109,1.11,100.0,11092.000000059605,0.0,0.0,0.0,0.0
1770776883000.0,1.11,1.11,1.109,1.109,1204.0,133523.9999999404,0.0,0.0,0.0,0.0
1770776889000.0,1.109,1.109,1.109,1.109,12250.0,1358525.0,0.0,0.0,0.0,0.0
1770776892000.0,1.109,1.109,1.109,1.109,108.0,11977.0,0.0,0.0,0.0,0.0
1770776895000.0,1.109,1.109,1.109,1.109,56.0,6211.0,0.0,0.0,0.0,0.0
1770776898000.0,1.109,1.109,1.109,1.109,142.0,15747.0,0.0,0.0,0.0,0.0
1770776901000.0,1.109,1.109,1.109,1.109,95.0,10536.0,0.0,0.0,0.0,0.0
1770776904000.0,1.109,1.109,1.109,1.109,105.0,11644.000000059605,0.0,0.0,0.0,0.0
1770776907000.0,1.109,1.109,1.109,1.109,265.0,29388.999999940395,0.0,0.0,0.0,0.0
1770776910000.0,1.109,1.109,1.109,1.109,3.0,331.99999994039536,0.0,0.0,0.0,0.0
1770776913000.0,1.109,1.109,1.109,1.109,300.0,33271.000000059605,0.0,0.0,0.0,0.0
1770776916000.0,1.109,1.109,1.108,1.108,21.0,2328.0,0.0,0.0,0.0,0.0
1770776919000.0,1.108,1.109,1.108,1.109,10.0,1109.0,0.0,0.0,0.0,0.0
1770776922000.0,1.109,1.109,1.109,1.109,110.0,12199.0,0.0,0.0,0.0,0.0
1770776925000.0,1.109,1.109,1.108,1.108,11583.0,1283397.0000000596,0.0,0.0,0.0,0.0
1770776928000.0,1.108,1.109,1.108,1.109,4213.0,467221.9999999404,0.0,0.0,0.0,0.0
1770776931000.0,1.109,1.109,1.109,1.109,123.0,13638.0,0.0,0.0,0.0,0.0
1770776940000.0,1.109,1.11,1.109,1.11,6.0,666.0,0.0,0.0,0.0,0.0
1770776943000.0,1.11,1.11,1.11,1.11,221.0,24530.999999940395,0.0,0.0,0.0,0.0
1770776949000.0,1.11,1.11,1.109,1.109,95.0,10536.000000059605,0.0,0.0,0.0,0.0
1770776952000.0,1.109,1.111,1.109,1.111,107.0,11888.0,0.0,0.0,0.0,0.0
1770776955000.0,1.111,1.111,1.109,1.109,100.0,11090.0,0.0,0.0,0.0,0.0
1770776958000.0,1.109,1.11,1.109,1.11,697.0,77367.0,0.0,0.0,0.0,0.0
1770776967000.0,1.11,1.11,1.11,1.11,536.0,59520.0,0.0,0.0,0.0,0.0
1770776970000.0,1.11,1.111,1.11,1.111,13.0,1444.0,0.0,0.0,0.0,0.0
1770776979000.0,1.111,1.111,1.11,1.11,1691.0,187701.0,0.0,0.0,0.0,0.0
1770776982000.0,1.11,1.11,1.11,1.11,2063.0,228993.0,0.0,0.0,0.0,0.0
1770776985000.0,1.11,1.11,1.109,1.109,2170.0,240873.0,0.0,0.0,0.0,0.0
1770776988000.0,1.109,1.11,1.109,1.11,52.0,5772.0,0.0,0.0,0.0,0.0
1770776991000.0,1.11,1.11,1.109,1.109,5811.0,644440.0,0.0,0.0,0.0,0.0
1770776994000.0,1.109,1.109,1.109,1.109,100.0,11090.0,0.0,0.0,0.0,0.0
1770776997000.0,1.109,1.109,1.109,1.109,810.0,89768.0,0.0,0.0,0.0,0.0
1770777000000.0,1.109,1.109,1.108,1.108,1524.0,168859.0,0.0,0.0,0.0,0.0
1770777003000.0,1.108,1.108,1.108,1.108,200.0,22169.999999940395,0.0,0.0,0.0,0.0
1770777006000.0,1.108,1.108,1.108,1.108,234.0,25927.00000011921,0.0,0.0,0.0,0.0
1770777009000.0,1.108,1.108,1.108,1.108,3331.0,369074.9999999404,0.0,0.0,0.0,0.0
1770777012000.0,1.108,1.108,1.108,1.108,5.0,554.0,0.0,0.0,0.0,0.0
1770777015000.0,1.108,1.108,1.108,1.108,171.0,18947.0,0.0,0.0,0.0,0.0
1770777018000.0,1.108,1.108,1.108,1.108,547.0,60606.999999940395,0.0,0.0,0.0,0.0
1770777021000.0,1.108,1.108,1.108,1.108,60.0,6648.000000059605,0.0,0.0,0.0,0.0
1770777024000.0,1.108,1.108,1.107,1.107,5272.0,583611.0000000596,0.0,0.0,0.0,0.0
1770777027000.0,1.107,1.108,1.107,1.108,9.0,996.9999999403954,0.0,0.0,0.0,0.0
1770777030000.0,1.108,1.108,1.107,1.107,2402.0,265901.0,0.0,0.0,0.0,0.0
1770777036000.0,1.107,1.107,1.107,1.107,4.0,443.0,0.0,0.0,0.0,0.0
1770777045000.0,1.107,1.107,1.107,1.107,3.0,331.99999994039536,0.0,0.0,0.0,0.0
1770777048000.0,1.107,1.107,1.106,1.106,12.0,1327.0000000596046,0.0,0.0,0.0,0.0
1770777051000.0,1.106,1.107,1.106,1.107,76.0,8412.000000059605,0.0,0.0,0.0,0.0
1770777054000.0,1.107,1.107,1.107,1.107,1.0,110.99999994039536,0.0,0.0,0.0,0.0
1770777057000.0,1.107,1.107,1.106,1.106,8.0,884.0,0.0,0.0,0.0,0.0
1770777060000.0,1.106,1.106,1.106,1.106,206.0,22784.000000059605,0.0,0.0,0.0,0.0
1770777063000.0,1.106,1.106,1.106,1.106,4242.0,469165.9999999404,0.0,0.0,0.0,0.0
1770777066000.0,1.106,1.106,1.106,1.106,2254.0,249293.0,0.0,0.0,0.0,0.0
1770777069000.0,1.106,1.107,1.106,1.107,3168.0,350647.0,0.0,0.0,0.0,0.0
1770777072000.0,1.107,1.107,1.107,1.107,4833.0,535013.0,0.0,0.0,0.0,0.0
1770777075000.0,1.107,1.108,1.107,1.108,585.0,64818.0,0.0,0.0,0.0,0.0
1770777078000.0,1.108,1.108,1.108,1.108,10.0,1107.9999999403954,0.0,0.0,0.0,0.0
1770777081000.0,1.108,1.108,1.107,1.107,63.0,6974.000000059605,0.0,0.0,0.0,0.0
1770777084000.0,1.107,1.108,1.107,1.108,160.0,17713.999999940395,0.0,0.0,0.0,0.0
1770777087000.0,1.108,1.108,1.107,1.107,220.0,24354.00000011921,0.0,0.0,0.0,0.0
1770777090000.0,1.107,1.108,1.107,1.108,401.0,44430.999999940395,0.0,0.0,0.0,0.0
1770777093000.0,1.108,1.108,1.108,1.108,20.0,2216.0,0.0,0.0,0.0,0.0
1770777096000.0,1.108,1.108,1.108,1.108,1500.0,166200.0,0.0,0.0,0.0,0.0
1770777099000.0,1.108,1.108,1.108,1.108,120.0,13296.0,0.0,0.0,0.0,0.0
1770777102000.0,1.108,1.108,1.108,1.108,10.0,1108.0,0.0,0.0,0.0,0.0
1770777105000.0,1.108,1.108,1.108,1.108,1.0,111.00000005960464,0.0,0.0,0.0,0.0
1770777108000.0,1.108,1.108,1.108,1.108,105.0,11634.0,0.0,0.0,0.0,0.0
1770777111000.0,1.108,1.108,1.108,1.108,20.0,2216.0,0.0,0.0,0.0,0.0
1770777117000.0,1.108,1.108,1.107,1.107,310.0,34347.0,0.0,0.0,0.0,0.0
1770777123000.0,1.107,1.108,1.107,1.108,101.0,11191.0,0.0,0.0,0.0,0.0
1770777126000.0,1.108,1.108,1.108,1.108,90.0,9971.99999988079,0.0,0.0,0.0,0.0
1770777129000.0,1.108,1.108,1.107,1.107,995.0,110146.0000000596,0.0,0.0,0.0,0.0
1770777132000.0,1.107,1.107,1.107,1.107,500.0,55350.0,0.0,0.0,0.0,0.0
1770777135000.0,1.107,1.108,1.107,1.108,9198.0,1018220.0,0.0,0.0,0.0,0.0
1770777138000.0,1.108,1.108,1.107,1.107,36.0,3988.0,0.0,0.0,0.0,0.0
1770777144000.0,1.107,1.107,1.107,1.107,350.0,38745.0,0.0,0.0,0.0,0.0
1770777150000.0,1.107,1.108,1.107,1.108,10.0,1108.0,0.0,0.0,0.0,0.0
1770777153000.0,1.108,1.108,1.108,1.108,26.0,2881.0,0.0,0.0,0.0,0.0
1770777159000.0,1.108,1.108,1.108,1.108,18.0,1995.0,0.0,0.0,0.0,0.0
1770777162000.0,1.108,1.108,1.108,1.108,50.0,5540.0,0.0,0.0,0.0,0.0
1770777165000.0,1.108,1.108,1.107,1.107,812.0,89892.0,0.0,0.0,0.0,0.0
1770777168000.0,1.107,1.107,1.107,1.107,104.0,11513.0,0.0,0.0,0.0,0.0
1770777171000.0,1.107,1.107,1.107,1.107,1024.0,113457.0,0.0,0.0,0.0,0.0
1770777174000.0,1.107,1.108,1.107,1.108,526.0,58233.0,0.0,0.0,0.0,0.0
1770777177000.0,1.108,1.108,1.108,1.108,729.0,80773.0,0.0,0.0,0.0,0.0
1770777180000.0,1.108,1.109,1.108,1.109,716.0,79405.0,0.0,0.0,0.0,0.0
1770777183000.0,1.109,1.109,1.109,1.109,1.0,111.00000005960464,0.0,0.0,0.0,0.0
1770777186000.0,1.109,1.109,1.108,1.108,1878.0,208083.9999999404,0.0,0.0,0.0,0.0
1770777189000.0,1.108,1.108,1.108,1.108,50.0,5540.0,0.0,0.0,0.0,0.0
1770777192000.0,1.108,1.109,1.108,1.109,73.0,8096.0,0.0,0.0,0.0,0.0
1770777195000.0,1.109,1.109,1.108,1.108,68.0,7534.000000059605,0.0,0.0,0.0,0.0
1770777198000.0,1.108,1.108,1.108,1.108,50.0,5539.999999880791,0.0,0.0,0.0,0.0
1770777201000.0,1.108,1.108,1.108,1.108,10.0,1108.0000000596046,0.0,0.0,0.0,0.0
1770777204000.0,1.108,1.108,1.108,1.108,2994.0,331735.0000000596,0.0,0.0,0.0,0.0
1770777207000.0,1.108,1.108,1.108,1.108,128.0,14182.999999940395,0.0,0.0,0.0,0.0
1770777213000.0,1.108,1.109,1.108,1.109,167.0,18520.0,0.0,0.0,0.0,0.0
1770777219000.0,1.109,1.11,1.109,1.11,8499.0,942833.0,0.0,0.0,0.0,0.0
1770777222000.0,1.11,1.11,1.108,1.108,74.0,8200.000000059605,0.0,0.0,0.0,0.0
1770777225000.0,1.108,1.108,1.108,1.108,2000.0,221599.9999999404,0.0,0.0,0.0,0.0
1770777228000.0,1.108,1.109,1.108,1.109,755.0,83728.9999999404,0.0,0.0,0.0,0.0
1770777231000.0,1.109,1.109,1.108,1.108,748.0,82883.0000000596,0.0,0.0,0.0,0.0
1770777234000.0,1.108,1.108,1.108,1.108,1.0,110.00000005960464,0.0,0.0,0.0,0.0
1770777240000.0,1.108,1.108,1.108,1.108,1.0,110.99999988079071,0.0,0.0,0.0,0.0
1770777243000.0,1.108,1.109,1.108,1.109,1447.0,160458.0000000596,0.0,0.0,0.0,0.0
1770777246000.0,1.109,1.109,1.109,1.109,1373.0,152283.0,0.0,0.0,0.0,0.0
1770777249000.0,1.109,1.109,1.109,1.109,1897.0,210377.0,0.0,0.0,0.0,0.0
1770777252000.0,1.109,1.109,1.109,1.109,998.0,110679.0,0.0,0.0,0.0,0.0
1770777255000.0,1.109,1.109,1.109,1.109,3.0,332.0,0.0,0.0,0.0,0.0
1770777258000.0,1.109,1.109,1.108,1.108,113.0,12524.0,0.0,0.0,0.0,0.0
1770777264000.0,1.108,1.109,1.108,1.109,1137.0,126094.0000000596,0.0,0.0,0.0,0.0
1770777267000.0,1.109,1.109,1.108,1.108,700.0,77574.9999999404,0.0,0.0,0.0,0.0
1770777273000.0,1.108,1.108,1.108,1.108,50.0,5540.000000059605,0.0,0.0,0.0,0.0
1770777276000.0,1.108,1.109,1.108,1.109,57.0,6320.999999940395,0.0,0.0,0.0,0.0
1770777279000.0,1.109,1.11,1.109,1.11,191.0,21201.0,0.0,0.0,0.0,0.0
1770777282000.0,1.11,1.11,1.109,1.109,358.0,39703.0,0.0,0.0,0.0,0.0
1770777285000.0,1.109,1.109,1.109,1.109,135.0,14971.0,0.0,0.0,0.0,0.0
1770777291000.0,1.109,1.109,1.108,1.108,430.0,47685.0,0.0,0.0,0.0,0.0
1770777294000.0,1.108,1.109,1.108,1.109,10.0,1109.0,0.0,0.0,0.0,0.0
1770777297000.0,1.109,1.109,1.109,1.109,120.0,13308.0,0.0,0.0,0.0,0.0
1770777300000.0,1.109,1.109,1.109,1.109,10872.0,1205705.0,0.0,0.0,0.0,0.0
1770777303000.0,1.109,1.11,1.109,1.11,102.0,11322.000000059605,0.0,0.0,0.0,0.0
1770777309000.0,1.11,1.11,1.11,1.11,38.0,4216.999999940395,0.0,0.0,0.0,0.0
1770777312000.0,1.11,1.11,1.11,1.11,10.0,1110.0,0.0,0.0,0.0,0.0
1770777318000.0,1.11,1.11,1.11,1.11,60.0,6660.0,0.0,0.0,0.0,0.0
1770777321000.0,1.11,1.11,1.109,1.109,40.0,4436.0,0.0,0.0,0.0,0.0
1770777324000.0,1.109,1.109,1.109,1.109,215.0,23843.000000059605,0.0,0.0,0.0,0.0
1770777327000.0,1.109,1.109,1.108,1.108,274.0,30381.999999940395,0.0,0.0,0.0,0.0
1770777330000.0,1.108,1.109,1.108,1.109,91.0,10092.0,0.0,0.0,0.0,0.0
1770777333000.0,1.109,1.109,1.109,1.109,1.0,111.0,0.0,0.0,0.0,0.0
1770777336000.0,1.109,1.109,1.109,1.109,1.0,111.0,0.0,0.0,0.0,0.0
1770777339000.0,1.109,1.109,1.108,1.108,12062.0,1336470.0,0.0,0.0,0.0,0.0
1770777348000.0,1.108,1.108,1.108,1.108,547.0,60607.0,0.0,0.0,0.0,0.0
1770777351000.0,1.108,1.108,1.108,1.108,120.0,13296.0,0.0,0.0,0.0,0.0
1770777354000.0,1.108,1.108,1.107,1.107,30.0,3324.0,0.0,0.0,0.0,0.0
1770777357000.0,1.107,1.108,1.107,1.108,2.0,221.00000005960464,0.0,0.0,0.0,0.0
1770777360000.0,1.108,1.108,1.107,1.107,62.0,6866.999999940395,0.0,0.0,0.0,0.0
1770777375000.0,1.107,1.108,1.107,1.108,50.0,5540.0,0.0,0.0,0.0,0.0
1770777378000.0,1.108,1.108,1.107,1.107,1.0,110.0,0.0,0.0,0.0,0.0
1770777381000.0,1.107,1.108,1.107,1.108,200.0,22160.0,0.0,0.0,0.0,0.0
1770777384000.0,1.108,1.108,1.107,1.107,5507.0,609625.9999999404,0.0,0.0,0.0,0.0
1770777387000.0,1.107,1.107,1.107,1.107,2316.0,256495.0000001192,0.0,0.0,0.0,0.0
1770777390000.0,1.107,1.107,1.106,1.106,317.0,35059.999999940395,0.0,0.0,0.0,0.0
1770777399000.0,1.106,1.108,1.106,1.108,484.0,53538.0,0.0,0.0,0.0,0.0
1770777405000.0,1.108,1.108,1.106,1.106,400.0,44240.000000059605,0.0,0.0,0.0,0.0
1770777411000.0,1.106,1.108,1.106,1.108,37.0,4099.999999940395,0.0,0.0,0.0,0.0
1770777417000.0,1.108,1.108,1.107,1.107,20.0,2214.0,0.0,0.0,0.0,0.0
1770777420000.0,1.107,1.107,1.107,1.107,376.0,41623.0,0.0,0.0,0.0,0.0
1770777423000.0,1.107,1.107,1.106,1.106,4442.0,491630.0000000596,0.0,0.0,0.0,0.0
1770777426000.0,1.106,1.107,1.106,1.107,200.0,22139.999999940395,0.0,0.0,0.0,0.0
1770777429000.0,1.107,1.107,1.106,1.106,9.0,995.0,0.0,0.0,0.0,0.0
1770777432000.0,1.106,1.107,1.106,1.107,76.0,8413.0,0.0,0.0,0.0,0.0
1770777441000.0,1.107,1.107,1.107,1.107,5.0,554.0,0.0,0.0,0.0,0.0
1770777444000.0,1.107,1.107,1.107,1.107,237.0,26236.0,0.0,0.0,0.0,0.0
1770777447000.0,1.107,1.107,1.106,1.106,9.0,994.9999999403954,0.0,0.0,0.0,0.0
1770777450000.0,1.106,1.106,1.106,1.106,457.0,50550.00000011921,0.0,0.0,0.0,0.0
1770777453000.0,1.106,1.107,1.106,1.107,8.0,885.9999999403954,0.0,0.0,0.0,0.0
1770777456000.0,1.107,1.107,1.107,1.107,20.0,2214.0,0.0,0.0,0.0,0.0
1770777459000.0,1.107,1.107,1.106,1.106,117.0,12942.0,0.0,0.0,0.0,0.0
1770777462000.0,1.106,1.106,1.106,1.106,1065.0,117792.0,0.0,0.0,0.0,0.0
1770777465000.0,1.106,1.107,1.106,1.107,261.0,28887.0,0.0,0.0,0.0,0.0
1770777468000.0,1.107,1.107,1.107,1.107,48.0,5313.0,0.0,0.0,0.0,0.0
1770777471000.0,1.107,1.107,1.107,1.107,100.0,11069.999999940395,0.0,0.0,0.0,0.0
1770777474000.0,1.107,1.107,1.106,1.106,270.0,29881.000000059605,0.0,0.0,0.0,0.0
1770777477000.0,1.106,1.107,1.106,1.107,115.0,12730.0,0.0,0.0,0.0,0.0
1770777480000.0,1.107,1.107,1.106,1.106,10.0,1106.0,0.0,0.0,0.0,0.0
1770777489000.0,1.106,1.106,1.106,1.106,11729.0,1297228.0,0.0,0.0,0.0,0.0
1770777492000.0,1.106,1.106,1.106,1.106,60.0,6636.0,0.0,0.0,0.0,0.0
1770777495000.0,1.106,1.106,1.106,1.106,114.0,12598.0,0.0,0.0,0.0,0.0
1770777498000.0,1.106,1.106,1.106,1.106,452.0,49991.0,0.0,0.0,0.0,0.0
1770777501000.0,1.106,1.106,1.106,1.106,2059.0,227739.0,0.0,0.0,0.0,0.0
1770777504000.0,1.106,1.106,1.105,1.105,355.0,39243.0,0.0,0.0,0.0,0.0
1770777510000.0,1.105,1.105,1.105,1.105,6828.0,755094.0,0.0,0.0,0.0,0.0
1770777513000.0,1.105,1.106,1.105,1.106,20.0,2212.0,0.0,0.0,0.0,0.0
1770777516000.0,1.106,1.106,1.106,1.106,10.0,1106.0,0.0,0.0,0.0,0.0
1770777519000.0,1.106,1.106,1.106,1.106,30.0,3318.0,0.0,0.0,0.0,0.0
1770777522000.0,1.106,1.106,1.106,1.106,30.0,3318.0000000596046,0.0,0.0,0.0,0.0
1770777525000.0,1.106,1.106,1.106,1.106,4.0,441.99999994039536,0.0,0.0,0.0,0.0
1770777528000.0,1.106,1.106,1.105,1.105,13.0,1438.0,0.0,0.0,0.0,0.0
1770777531000.0,1.105,1.105,1.105,1.105,2802.0,309638.0,0.0,0.0,0.0,0.0
1770777534000.0,1.105,1.105,1.105,1.105,10352.0,1143896.0,0.0,0.0,0.0,0.0
1770777537000.0,1.105,1.105,1.105,1.105,172.0,19006.000000059605,0.0,0.0,0.0,0.0
1770777540000.0,1.105,1.105,1.105,1.105,368.0,40633.999999940395,0.0,0.0,0.0,0.0
1770777546000.0,1.105,1.105,1.105,1.105,1009.0,111594.0,0.0,0.0,0.0,0.0
1770777549000.0,1.105,1.105,1.105,1.105,211.0,23298.0,0.0,0.0,0.0,0.0
1770777552000.0,1.105,1.105,1.105,1.105,739.0,81659.0,0.0,0.0,0.0,0.0
1770777555000.0,1.105,1.105,1.105,1.105,573.0,63317.0,0.0,0.0,0.0,0.0
1770777567000.0,1.105,1.106,1.105,1.106,50.0,5529.999999940395,0.0,0.0,0.0,0.0
1770777570000.0,1.106,1.106,1.105,1.105,95.0,10497.000000059605,0.0,0.0,0.0,0.0
1770777573000.0,1.105,1.105,1.105,1.105,2938.0,324649.0000000596,0.0,0.0,0.0,0.0
1770777576000.0,1.105,1.105,1.105,1.105,322.0,35580.99999988079,0.0,0.0,0.0,0.0
1770777579000.0,1.105,1.105,1.105,1.105,120.0,13260.00000011921,0.0,0.0,0.0,0.0
1770777582000.0,1.105,1.105,1.105,1.105,77.0,8508.99999988079,0.0,0.0,0.0,0.0
1770777585000.0,1.105,1.105,1.105,1.105,305.0,33702.00000011921,0.0,0.0,0.0,0.0
1770777588000.0,1.105,1.105,1.105,1.105,280.0,30939.999999940395,0.0,0.0,0.0,0.0
1770777591000.0,1.105,1.105,1.105,1.105,304.0,33592.0,0.0,0.0,0.0,0.0
1770777594000.0,1.105,1.105,1.105,1.105,527.0,58234.0,0.0,0.0,0.0,0.0
1770777597000.0,1.105,1.105,1.105,1.105,20.0,2210.0,0.0,0.0,0.0,0.0
1770777600000.0,1.105,1.105,1.105,1.105,3534.0,390267.0000000596,0.0,0.0,0.0,0.0
1770777603000.0,1.105,1.105,1.105,1.105,1586.0,175153.0,0.0,0.0,0.0,0.0
1770777606000.0,1.105,1.105,1.105,1.105,140.0,15469.999999940395,0.0,0.0,0.0,0.0
1770777609000.0,1.105,1.105,1.105,1.105,21.0,2321.0,0.0,0.0,0.0,0.0
1770777612000.0,1.105,1.105,1.105,1.105,47.0,5193.0,0.0,0.0,0.0,0.0
1770777615000.0,1.105,1.105,1.104,1.104,471.0,51999.0,0.0,0.0,0.0,0.0
1770777618000.0,1.104,1.104,1.104,1.104,83.0,9163.000000059605,0.0,0.0,0.0,0.0
1770777621000.0,1.104,1.105,1.104,1.105,39.0,4309.999999940395,0.0,0.0,0.0,0.0
1770777624000.0,1.105,1.105,1.105,1.105,232.0,25636.0,0.0,0.0,0.0,0.0
1770777627000.0,1.105,1.105,1.105,1.105,5.0,552.0000000596046,0.0,0.0,0.0,0.0
1770777630000.0,1.105,1.105,1.105,1.105,100.0,11049.999999940395,0.0,0.0,0.0,0.0
1770777633000.0,1.105,1.105,1.105,1.105,103.0,11382.0,0.0,0.0,0.0,0.0
1770777636000.0,1.105,1.105,1.105,1.105,2133.0,235486.0000000596,0.0,0.0,0.0,0.0
1770777639000.0,1.105,1.105,1.104,1.104,7220.0,797090.9999999404,0.0,0.0,0.0,0.0
1770777642000.0,1.104,1.105,1.104,1.105,650.0,71770.0000000596,0.0,0.0,0.0,0.0
1770777645000.0,1.105,1.105,1.104,1.104,26.0,2869.9999999403954,0.0,0.0,0.0,0.0
1770777648000.0,1.104,1.104,1.104,1.104,1303.0,143944.0,0.0,0.0,0.0,0.0
1770777651000.0,1.104,1.104,1.104,1.104,444.0,49018.0,0.0,0.0,0.0,0.0
1770777654000.0,1.104,1.104,1.104,1.104,105.0,11592.0,0.0,0.0,0.0,0.0
1770777657000.0,1.104,1.104,1.104,1.104,140.0,15456.0,0.0,0.0,0.0,0.0
1770777660000.0,1.104,1.104,1.104,1.104,760.0,83904.0,0.0,0.0,0.0,0.0
1770777663000.0,1.104,1.104,1.104,1.104,580.0,64037.0,0.0,0.0,0.0,0.0
1770777666000.0,1.104,1.104,1.104,1.104,161.0,17774.0,0.0,0.0,0.0,0.0
1770777669000.0,1.104,1.104,1.104,1.104,1320.0,145728.0,0.0,0.0,0.0,0.0
1770777672000.0,1.104,1.104,1.104,1.104,1540.0,170016.0,0.0,0.0,0.0,0.0
1770777675000.0,1.104,1.104,1.104,1.104,444.0,49018.0,0.0,0.0,0.0,0.0
1770777678000.0,1.104,1.104,1.104,1.104,330.0,36431.999999940395,0.0,0.0,0.0,0.0
1770777681000.0,1.104,1.104,1.104,1.104,400.0,44160.000000059605,0.0,0.0,0.0,0.0
1770777684000.0,1.104,1.104,1.104,1.104,310.0,34224.0,0.0,0.0,0.0,0.0
1770777687000.0,1.104,1.104,1.104,1.104,10.0,1104.0000000596046,0.0,0.0,0.0,0.0
1770777690000.0,1.104,1.104,1.103,1.103,691.0,76228.9999999404,0.0,0.0,0.0,0.0
1770777693000.0,1.103,1.104,1.103,1.104,2041.0,225179.0000000596,0.0,0.0,0.0,0.0
1770777696000.0,1.104,1.104,1.104,1.104,1725.0,190404.9999999404,0.0,0.0,0.0,0.0
1770777699000.0,1.104,1.104,1.104,1.104,1069.0,118018.0,0.0,0.0,0.0,0.0
1770777702000.0,1.104,1.104,1.103,1.103,15101.0,1665737.0000000596,0.0,0.0,0.0,0.0
1770777705000.0,1.103,1.104,1.103,1.104,128.0,14131.999999940395,0.0,0.0,0.0,0.0
1770777708000.0,1.104,1.104,1.104,1.104,10287.0,1134685.0,0.0,0.0,0.0,0.0
1770777714000.0,1.104,1.104,1.104,1.104,80.0,8832.0,0.0,0.0,0.0,0.0
1770777723000.0,1.104,1.105,1.104,1.105,101.0,11151.0,0.0,0.0,0.0,0.0
1770777726000.0,1.105,1.105,1.105,1.105,76.0,8398.0,0.0,0.0,0.0,0.0
1770777729000.0,1.105,1.105,1.105,1.105,10.0,1105.0,0.0,0.0,0.0,0.0
1770777732000.0,1.105,1.105,1.104,1.104,1585.0,175139.0,0.0,0.0,0.0,0.0
1770777735000.0,1.104,1.105,1.104,1.105,394.0,43537.000000059605,0.0,0.0,0.0,0.0
1770777738000.0,1.105,1.105,1.104,1.104,20.0,2207.9999999403954,0.0,0.0,0.0,0.0
1770777741000.0,1.104,1.104,1.104,1.104,4638.0,512036.0000000596,0.0,0.0,0.0,0.0
1770777744000.0,1.104,1.104,1.104,1.104,552.0,60939.999999940395,0.0,0.0,0.0,0.0
1770777747000.0,1.104,1.104,1.104,1.104,146.0,16119.0,0.0,0.0,0.0,0.0
1770777750000.0,1.104,1.104,1.104,1.104,9476.0,1045224.0,0.0,0.0,0.0,0.0
1770777753000.0,1.104,1.104,1.104,1.104,27.0,2980.0,0.0,0.0,0.0,0.0
1770777756000.0,1.104,1.104,1.104,1.104,1105.0,121892.0,0.0,0.0,0.0,0.0
1770777759000.0,1.104,1.104,1.104,1.104,160.0,17664.0,0.0,0.0,0.0,0.0
1770777762000.0,1.104,1.104,1.104,1.104,231.0,25503.000000059605,0.0,0.0,0.0,0.0
1770777768000.0,1.104,1.104,1.104,1.104,10.0,1103.9999999403954,0.0,0.0,0.0,0.0
1770777771000.0,1.104,1.104,1.103,1.103,519.0,57251.000000059605,0.0,0.0,0.0,0.0
1770777774000.0,1.103,1.104,1.103,1.104,110.0,12143.99999988079,0.0,0.0,0.0,0.0
1770777777000.0,1.104,1.104,1.104,1.104,10.0,1104.0000001192093,0.0,0.0,0.0,0.0
1770777780000.0,1.104,1.104,1.103,1.103,140.0,15443.999999940395,0.0,0.0,0.0,0.0
1770777783000.0,1.103,1.104,1.103,1.104,1000.0,110400.0,0.0,0.0,0.0,0.0
1770777786000.0,1.104,1.104,1.103,1.103,500.0,55160.0,0.0,0.0,0.0,0.0
1770777789000.0,1.103,1.104,1.103,1.104,53.0,5852.0,0.0,0.0,0.0,0.0
1770777792000.0,1.104,1.104,1.104,1.104,97.0,10703.000000059605,0.0,0.0,0.0,0.0
1770777795000.0,1.104,1.104,1.104,1.104,1678.0,185140.9999999404,0.0,0.0,0.0,0.0
1770777798000.0,1.104,1.104,1.104,1.104,261.0,28798.0,0.0,0.0,0.0,0.0
1770777801000.0,1.104,1.104,1.103,1.103,1625.0,179383.0,0.0,0.0,0.0,0.0
1770777804000.0,1.103,1.104,1.103,1.104,26.0,2869.0,0.0,0.0,0.0,0.0
1770777807000.0,1.104,1.104,1.103,1.103,256.0,28237.0,0.0,0.0,0.0,0.0
1770777810000.0,1.103,1.103,1.103,1.103,120.0,13236.0,0.0,0.0,0.0,0.0
1770777813000.0,1.103,1.103,1.103,1.103,122.0,13466.0,0.0,0.0,0.0,0.0
1770777822000.0,1.103,1.103,1.103,1.103,260.0,28699.0,0.0,0.0,0.0,0.0
1770777834000.0,1.103,1.103,1.103,1.103,4457.0,491609.0,0.0,0.0,0.0,0.0
1770777837000.0,1.103,1.103,1.103,1.103,55.0,6067.0,0.0,0.0,0.0,0.0
1770777840000.0,1.103,1.103,1.103,1.103,188.0,20720.999999940395,0.0,0.0,0.0,0.0
1770777843000.0,1.103,1.103,1.103,1.103,319.0,35186.000000059605,0.0,0.0,0.0,0.0
1770777846000.0,1.103,1.104,1.103,1.104,1503.0,165805.0,0.0,0.0,0.0,0.0
1770777852000.0,1.104,1.104,1.103,1.103,523.0,57687.000000059605,0.0,0.0,0.0,0.0
1770777858000.0,1.103,1.104,1.103,1.104,6.0,661.9999999403954,0.0,0.0,0.0,0.0
1770777861000.0,1.104,1.104,1.104,1.104,88.0,9707.0,0.0,0.0,0.0,0.0
1770777867000.0,1.104,1.104,1.104,1.104,3.0,330.99999994039536,0.0,0.0,0.0,0.0
1770777870000.0,1.104,1.104,1.103,1.103,261.0,28794.000000059605,0.0,0.0,0.0,0.0
