time,open,high,low,close,volume,amount,bid1,bid1_vol,ask1,ask1_vol
1770773404000.0,2.035,2.035,2.035,2.035,5.0,1017.0,0.0,0.0,0.0,0.0
1770773407000.0,2.035,2.035,2.035,2.035,1008.0,205126.99999999988,0.0,0.0,0.0,0.0
1770773410000.0,2.035,2.035,2.035,2.035,1050.0,213676.00000000012,0.0,0.0,0.0,0.0
1770773413000.0,2.035,2.035,2.0340000000000003,2.0340000000000003,72.0,14647.0,0.0,0.0,0.0,0.0
1770773416000.0,2.0340000000000003,2.035,2.0340000000000003,2.035,34.0,6917.0,0.0,0.0,0.0,0.0
1770773419000.0,2.035,2.035,2.035,2.035,728.0,148148.0,0.0,0.0,0.0,0.0
1770773422000.0,2.035,2.036,2.035,2.036,11.0,2239.0,0.0,0.0,0.0,0.0
1770773425000.0,2.036,2.0380000000000003,2.036,2.0380000000000003,722.0,147106.99999999977,0.0,0.0,0.0,0.0
1770773428000.0,2.0380000000000003,2.041,2.0380000000000003,2.041,5049.0,1030195.0000000007,0.0,0.0,0.0,0.0
1770773431000.0,2.041,2.0420000000000003,2.041,2.0420000000000003,117.0,23889.0,0.0,0.0,0.0,0.0
1770773434000.0,2.0420000000000003,2.044,2.0420000000000003,2.044,3081.0,629532.9999999995,0.0,0.0,0.0,0.0
1770773437000.0,2.044,2.045,2.044,2.045,224.0,45808.000000000466,0.0,0.0,0.0,0.0
1770773440000.0,2.045,2.048,2.045,2.048,1009.0,206566.99999999953,0.0,0.0,0.0,0.0
1770773443000.0,2.048,2.048,2.0460000000000003,2.0460000000000003,647.0,132439.0,0.0,0.0,0.0,0.0
1770773446000.0,2.0460000000000003,2.0460000000000003,2.0460000000000003,2.0460000000000003,5140.0,1051652.0,0.0,0.0,0.0,0.0
1770773449000.0,2.0460000000000003,2.0460000000000003,2.0460000000000003,2.0460000000000003,2859.0,585300.0,0.0,0.0,0.0,0.0
1770773452000.0,2.0460000000000003,2.048,2.0460000000000003,2.048,112.0,22938.00000000093,0.0,0.0,0.0,0.0
1770773455000.0,2.048,2.048,2.0460000000000003,2.0460000000000003,54.0,11047.999999999069,0.0,0.0,0.0,0.0
1770773458000.0,2.0460000000000003,2.0460000000000003,2.0460000000000003,2.0460000000000003,294.0,60153.0,0.0,0.0,0.0,0.0
1770773461000.0,2.0460000000000003,2.0460000000000003,2.0460000000000003,2.0460000000000003,5.0,1023.0,0.0,0.0,0.0,0.0
1770773464000.0,2.0460000000000003,2.0460000000000003,2.0460000000000003,2.0460000000000003,8.0,1637.0,0.0,0.0,0.0,0.0
1770773467000.0,2.0460000000000003,2.0460000000000003,2.045,2.045,1614.0,330063.0,0.0,0.0,0.0,0.0
1770773470000.0,2.045,2.045,2.043,2.043,17.0,3475.0,0.0,0.0,0.0,0.0
1770773473000.0,2.043,2.044,2.043,2.044,2.0,409.0,0.0,0.0,0.0,0.0
1770773476000.0,2.044,2.044,2.043,2.043,212.0,43312.0,0.0,0.0,0.0,0.0
1770773479000.0,2.043,2.043,2.0420000000000003,2.0420000000000003,5547.0,1133251.0,0.0,0.0,0.0,0.0
1770773482000.0,2.0420000000000003,2.0420000000000003,2.0420000000000003,2.0420000000000003,617.0,125989.99999999907,0.0,0.0,0.0,0.0
1770773485000.0,2.0420000000000003,2.043,2.0420000000000003,2.043,9.0,1840.0000000009313,0.0,0.0,0.0,0.0
1770773488000.0,2.043,2.045,2.043,2.045,80.0,16360.000000000931,0.0,0.0,0.0,0.0
1770773491000.0,2.045,2.0460000000000003,2.045,2.0460000000000003,169.0,34576.99999999907,0.0,0.0,0.0,0.0
1770773494000.0,2.0460000000000003,2.048,2.0460000000000003,2.048,50.0,10238.999999999069,0.0,0.0,0.0,0.0
1770773497000.0,2.048,2.048,2.047,2.047,2.0,410.0000000009313,0.0,0.0,0.0,0.0
1770773500000.0,2.047,2.05,2.047,2.05,235.0,48175.0,0.0,0.0,0.0,0.0
1770773503000.0,2.05,2.05,2.05,2.05,679.0,139197.0,0.0,0.0,0.0,0.0
1770773506000.0,2.05,2.051,2.05,2.051,81.0,16603.99999999907,0.0,0.0,0.0,0.0
1770773509000.0,2.051,2.052,2.051,2.052,151.0,30986.00000000093,0.0,0.0,0.0,0.0
1770773512000.0,2.052,2.052,2.052,2.052,90.0,18471.0,0.0,0.0,0.0,0.0
1770773515000.0,2.052,2.053,2.052,2.053,1567.0,321705.0,0.0,0.0,0.0,0.0
1770773518000.0,2.053,2.053,2.05,2.05,7004.0,1436396.0000000019,0.0,0.0,0.0,0.0
1770773521000.0,2.05,2.05,2.048,2.048,3688.0,755637.0,0.0,0.0,0.0,0.0
1770773524000.0,2.048,2.048,2.048,2.048,114.0,23346.999999998137,0.0,0.0,0.0,0.0
1770773527000.0,2.048,2.048,2.048,2.048,38.0,7783.0,0.0,0.0,0.0,0.0
1770773530000.0,2.048,2.05,2.048,2.05,3.0,615.0,0.0,0.0,0.0,0.0
1770773536000.0,2.05,2.051,2.05,2.051,3276.0,671897.0,0.0,0.0,0.0,0.0
1770773539000.0,2.051,2.052,2.051,2.052,3293.0,675397.0,0.0,0.0,0.0,0.0
1770773542000.0,2.052,2.053,2.052,2.053,2843.0,583668.0,0.0,0.0,0.0,0.0
1770773545000.0,2.053,2.053,2.052,2.052,139.0,28522.0,0.0,0.0,0.0,0.0
1770773551000.0,2.052,2.053,2.052,2.053,779.0,160065.0,0.0,0.0,0.0,0.0
1770773557000.0,2.053,2.055,2.053,2.055,93.0,19111.0,0.0,0.0,0.0,0.0
1770773560000.0,2.055,2.055,2.055,2.055,136.0,27948.0,0.0,0.0,0.0,0.0
1770773563000.0,2.055,2.055,2.055,2.055,12.0,2466.0,0.0,0.0,0.0,0.0
1770773572000.0,2.055,2.056,2.055,2.056,150.0,30840.0,0.0,0.0,0.0,0.0
1770773575000.0,2.056,2.056,2.056,2.056,59.0,12126.0,0.0,0.0,0.0,0.0
1770773578000.0,2.056,2.056,2.056,2.056,100.0,20559.0,0.0,0.0,0.0,0.0
1770773581000.0,2.056,2.056,2.056,2.056,110.0,22616.000000001863,0.0,0.0,0.0,0.0
1770773587000.0,2.056,2.056,2.056,2.056,110.0,22615.999999998137,0.0,0.0,0.0,0.0
1770773590000.0,2.056,2.056,2.055,2.055,14.0,2877.0,0.0,0.0,0.0,0.0
1770773593000.0,2.055,2.055,2.054,2.054,64.0,13145.0,0.0,0.0,0.0,0.0
1770773596000.0,2.054,2.054,2.054,2.054,49.0,10065.0,0.0,0.0,0.0,0.0
1770773599000.0,2.054,2.056,2.054,2.056,3336.0,685845.0,0.0,0.0,0.0,0.0
1770773602000.0,2.056,2.056,2.055,2.055,13.0,2671.0,0.0,0.0,0.0,0.0
1770773605000.0,2.055,2.056,2.055,2.056,109.0,22407.0,0.0,0.0,0.0,0.0
1770773608000.0,2.056,2.056,2.055,2.055,59.0,12126.999999998137,0.0,0.0,0.0,0.0
1770773611000.0,2.055,2.055,2.055,2.055,102.0,20967.000000001863,0.0,0.0,0.0,0.0
1770773614000.0,2.055,2.056,2.055,2.056,599.0,123135.0,0.0,0.0,0.0,0.0
1770773617000.0,2.056,2.056,2.054,2.054,2.0,410.00000000186265,0.0,0.0,0.0,0.0
1770773620000.0,2.054,2.054,2.054,2.054,83.0,17059.999999998137,0.0,0.0,0.0,0.0
1770773623000.0,2.054,2.054,2.054,2.054,26.0,5341.0,0.0,0.0,0.0,0.0
1770773626000.0,2.054,2.054,2.054,2.054,13.0,2670.0,0.0,0.0,0.0,0.0
1770773632000.0,2.054,2.056,2.054,2.056,69.0,14185.0,0.0,0.0,0.0,0.0
1770773638000.0,2.056,2.056,2.054,2.054,141.0,28963.0,0.0,0.0,0.0,0.0
1770773641000.0,2.054,2.055,2.054,2.055,3035.0,623693.0,0.0,0.0,0.0,0.0
1770773644000.0,2.055,2.055,2.054,2.054,1093.0,224610.0,0.0,0.0,0.0,0.0
1770773647000.0,2.054,2.054,2.053,2.053,162.0,33274.00000000186,0.0,0.0,0.0,0.0
1770773650000.0,2.053,2.055,2.053,2.055,250.0,51352.99999999814,0.0,0.0,0.0,0.0
1770773653000.0,2.055,2.055,2.053,2.053,56.0,11497.000000001863,0.0,0.0,0.0,0.0
1770773659000.0,2.053,2.053,2.052,2.052,3010.0,617651.9999999981,0.0,0.0,0.0,0.0
1770773665000.0,2.052,2.052,2.051,2.051,159.0,32624.0,0.0,0.0,0.0,0.0
1770773668000.0,2.051,2.051,2.05,2.05,49.0,10043.999999998137,0.0,0.0,0.0,0.0
1770773671000.0,2.05,2.05,2.05,2.05,3030.0,621151.0000000019,0.0,0.0,0.0,0.0
1770773674000.0,2.05,2.05,2.05,2.05,23.0,4715.000000001863,0.0,0.0,0.0,0.0
1770773677000.0,2.05,2.05,2.049,2.049,3.0,613.9999999981374,0.0,0.0,0.0,0.0
1770773683000.0,2.049,2.05,2.049,2.05,20.0,4100.0,0.0,0.0,0.0,0.0
1770773686000.0,2.05,2.05,2.05,2.05,568.0,116440.0,0.0,0.0,0.0,0.0
1770773692000.0,2.05,2.052,2.05,2.052,951.0,195133.00000000186,0.0,0.0,0.0,0.0
1770773695000.0,2.052,2.052,2.051,2.051,56.0,11485.999999998137,0.0,0.0,0.0,0.0
1770773698000.0,2.051,2.053,2.051,2.053,91.0,18682.0,0.0,0.0,0.0,0.0
1770773701000.0,2.053,2.054,2.053,2.054,1675.0,344043.0,0.0,0.0,0.0,0.0
1770773704000.0,2.054,2.055,2.054,2.055,3026.0,621544.0000000019,0.0,0.0,0.0,0.0
1770773707000.0,2.055,2.055,2.054,2.054,166.0,34096.99999999814,0.0,0.0,0.0,0.0
1770773710000.0,2.054,2.055,2.054,2.055,25.0,5137.0,0.0,0.0,0.0,0.0
1770773713000.0,2.055,2.056,2.055,2.056,273.0,56129.0,0.0,0.0,0.0,0.0
1770773716000.0,2.056,2.057,2.056,2.057,5.0,1028.0,0.0,0.0,0.0,0.0
1770773719000.0,2.057,2.057,2.057,2.057,25.0,5141.0,0.0,0.0,0.0,0.0
1770773722000.0,2.057,2.057,2.055,2.055,768.0,157824.0,0.0,0.0,0.0,0.0
1770773725000.0,2.055,2.056,2.055,2.056,46.0,9457.0,0.0,0.0,0.0,0.0
1770773728000.0,2.056,2.056,2.056,2.056,30.0,6168.0,0.0,0.0,0.0,0.0
1770773731000.0,2.056,2.057,2.056,2.057,90.0,18513.0,0.0,0.0,0.0,0.0
1770773737000.0,2.057,2.057,2.056,2.056,12.0,2467.0,0.0,0.0,0.0,0.0
1770773740000.0,2.056,2.056,2.056,2.056,70.0,14392.0,0.0,0.0,0.0,0.0
1770773743000.0,2.056,2.056,2.056,2.056,304.0,62502.0,0.0,0.0,0.0,0.0
1770773746000.0,2.056,2.056,2.056,2.056,187.0,38429.999999996275,0.0,0.0,0.0,0.0
1770773749000.0,2.056,2.056,2.056,2.056,175.0,35980.0,0.0,0.0,0.0,0.0
1770773752000.0,2.056,2.056,2.056,2.056,100.0,20561.000000003725,0.0,0.0,0.0,0.0
1770773755000.0,2.056,2.057,2.056,2.057,1039.0,213673.0,0.0,0.0,0.0,0.0
1770773758000.0,2.057,2.057,2.056,2.056,25.0,5140.0,0.0,0.0,0.0,0.0
1770773764000.0,2.056,2.057,2.056,2.057,197.0,40516.0,0.0,0.0,0.0,0.0
1770773767000.0,2.057,2.057,2.057,2.057,72.0,14810.0,0.0,0.0,0.0,0.0
1770773770000.0,2.057,2.057,2.055,2.055,2838.0,583219.0,0.0,0.0,0.0,0.0
1770773773000.0,2.055,2.055,2.055,2.055,4381.0,899878.0,0.0,0.0,0.0,0.0
1770773776000.0,2.055,2.055,2.055,2.055,285.0,58568.0,0.0,0.0,0.0,0.0
1770773779000.0,2.055,2.055,2.053,2.053,7.0,1437.0,0.0,0.0,0.0,0.0
1770773785000.0,2.053,2.055,2.053,2.055,21.0,4317.0,0.0,0.0,0.0,0.0
1770773788000.0,2.055,2.055,2.055,2.055,10.0,2055.0000000037253,0.0,0.0,0.0,0.0
1770773791000.0,2.055,2.055,2.055,2.055,31.0,6369.999999996275,0.0,0.0,0.0,0.0
1770773794000.0,2.055,2.055,2.055,2.055,34.0,6987.0,0.0,0.0,0.0,0.0
1770773797000.0,2.055,2.055,2.054,2.054,10.0,2054.0,0.0,0.0,0.0,0.0
1770773800000.0,2.054,2.055,2.054,2.055,57.0,11713.0,0.0,0.0,0.0,0.0
1770773803000.0,2.055,2.056,2.055,2.056,889.0,182703.0,0.0,0.0,0.0,0.0
1770773815000.0,2.056,2.057,2.056,2.057,10.0,2057.0,0.0,0.0,0.0,0.0
1770773818000.0,2.057,2.057,2.056,2.056,70.0,14392.0,0.0,0.0,0.0,0.0
1770773821000.0,2.056,2.056,2.056,2.056,42.0,8635.0,0.0,0.0,0.0,0.0
1770773824000.0,2.056,2.057,2.056,2.057,48.0,9874.000000003725,0.0,0.0,0.0,0.0
1770773827000.0,2.057,2.057,2.057,2.057,4.0,820.9999999925494,0.0,0.0,0.0,0.0
1770773830000.0,2.057,2.057,2.055,2.055,297.0,61050.00000000745,0.0,0.0,0.0,0.0
1770773833000.0,2.055,2.056,2.055,2.056,462.0,94925.99999999627,0.0,0.0,0.0,0.0
1770773836000.0,2.056,2.056,2.054,2.054,112.0,23006.000000003725,0.0,0.0,0.0,0.0
1770773839000.0,2.054,2.054,2.053,2.053,75.0,15397.0,0.0,0.0,0.0,0.0
1770773842000.0,2.053,2.053,2.052,2.052,3011.0,617856.9999999963,0.0,0.0,0.0,0.0
1770773845000.0,2.052,2.052,2.051,2.051,21.0,4310.0,0.0,0.0,0.0,0.0
1770773851000.0,2.051,2.053,2.051,2.053,77.0,15803.000000003725,0.0,0.0,0.0,0.0
1770773854000.0,2.053,2.053,2.052,2.052,157.0,32215.999999996275,0.0,0.0,0.0,0.0
1770773857000.0,2.052,2.052,2.052,2.052,36.0,7388.0,0.0,0.0,0.0,0.0
1770773860000.0,2.052,2.053,2.052,2.053,5.0,1027.0,0.0,0.0,0.0,0.0
1770773863000.0,2.053,2.053,2.053,2.053,301.0,61766.0,0.0,0.0,0.0,0.0
1770773869000.0,2.053,2.053,2.053,2.053,143.0,29358.0,0.0,0.0,0.0,0.0
1770773872000.0,2.053,2.053,2.053,2.053,340.0,69802.0,0.0,0.0,0.0,0.0
1770773878000.0,2.053,2.053,2.053,2.053,400.0,82120.0,0.0,0.0,0.0,0.0
1770773881000.0,2.053,2.054,2.053,2.054,5.0,1027.0,0.0,0.0,0.0,0.0
1770773884000.0,2.054,2.054,2.053,2.053,99.0,20334.000000003725,0.0,0.0,0.0,0.0
1770773887000.0,2.053,2.054,2.053,2.054,1.0,204.9999999962747,0.0,0.0,0.0,0.0
1770773890000.0,2.054,2.055,2.054,2.055,9748.0,2003042.0,0.0,0.0,0.0,0.0
1770773893000.0,2.055,2.055,2.055,2.055,23.0,4724.0,0.0,0.0,0.0,0.0
1770773899000.0,2.055,2.055,2.055,2.055,570.0,117135.0,0.0,0.0,0.0,0.0
1770773905000.0,2.055,2.055,2.053,2.053,18.0,3696.0,0.0,0.0,0.0,0.0
1770773908000.0,2.053,2.055,2.053,2.055,6.0,1233.0,0.0,0.0,0.0,0.0
1770773914000.0,2.055,2.055,2.053,2.053,8.0,1642.0000000037253,0.0,0.0,0.0,0.0
1770773920000.0,2.053,2.054,2.053,2.054,196.0,40263.999999996275,0.0,0.0,0.0,0.0
1770773932000.0,2.054,2.054,2.053,2.053,20.0,4104.999999996275,0.0,0.0,0.0,0.0
1770773935000.0,2.053,2.055,2.053,2.055,576.0,118369.00000000373,0.0,0.0,0.0,0.0
1770773938000.0,2.055,2.057,2.055,2.057,250.0,51411.0,0.0,0.0,0.0,0.0
1770773941000.0,2.057,2.058,2.057,2.058,538.0,110709.0,0.0,0.0,0.0,0.0
1770773944000.0,2.058,2.058,2.056,2.056,4.0,822.0,0.0,0.0,0.0,0.0
1770773947000.0,2.056,2.056,2.056,2.056,59.0,12140.0,0.0,0.0,0.0,0.0
1770773950000.0,2.056,2.058,2.056,2.058,35.0,7203.0,0.0,0.0,0.0,0.0
1770773953000.0,2.058,2.058,2.058,2.058,50.0,10288.999999996275,0.0,0.0,0.0,0.0
1770773956000.0,2.058,2.058,2.056,2.056,214.0,44002.0,0.0,0.0,0.0,0.0
1770773959000.0,2.056,2.058,2.056,2.058,2.0,412.0000000037253,0.0,0.0,0.0,0.0
1770773962000.0,2.058,2.058,2.058,2.058,99.0,20375.0,0.0,0.0,0.0,0.0
1770773965000.0,2.058,2.059,2.058,2.059,585.0,120449.0,0.0,0.0,0.0,0.0
1770773968000.0,2.059,2.059,2.059,2.059,793.0,163351.0,0.0,0.0,0.0,0.0
1770773971000.0,2.059,2.06,2.059,2.06,45.0,9270.0,0.0,0.0,0.0,0.0
1770773974000.0,2.06,2.06,2.059,2.059,1717.0,353540.0,0.0,0.0,0.0,0.0
1770773977000.0,2.059,2.059,2.057,2.057,3175.0,653446.0,0.0,0.0,0.0,0.0
1770773980000.0,2.057,2.059,2.057,2.059,91.0,18736.0,0.0,0.0,0.0,0.0
1770773983000.0,2.059,2.059,2.058,2.058,75.0,15435.0,0.0,0.0,0.0,0.0
1770773986000.0,2.058,2.058,2.058,2.058,6.0,1235.0,0.0,0.0,0.0,0.0
1770773989000.0,2.058,2.058,2.057,2.057,34.0,6997.0,0.0,0.0,0.0,0.0
1770773992000.0,2.057,2.058,2.057,2.058,35.0,7203.000000003725,0.0,0.0,0.0,0.0
1770773995000.0,2.058,2.058,2.058,2.058,1.0,204.9999999962747,0.0,0.0,0.0,0.0
1770774001000.0,2.058,2.058,2.058,2.058,372.0,76556.99999999627,0.0,0.0,0.0,0.0
1770774004000.0,2.058,2.059,2.058,2.059,53.0,10914.000000003725,0.0,0.0,0.0,0.0
1770774007000.0,2.059,2.059,2.058,2.058,27.0,5556.000000003725,0.0,0.0,0.0,0.0
1770774013000.0,2.058,2.059,2.058,2.059,35.0,7206.999999996275,0.0,0.0,0.0,0.0
1770774016000.0,2.059,2.059,2.058,2.058,2593.0,533423.0000000037,0.0,0.0,0.0,0.0
1770774019000.0,2.058,2.058,2.057,2.057,16001.0,3291405.0,0.0,0.0,0.0,0.0
1770774022000.0,2.057,2.057,2.057,2.057,35.0,7199.999999996275,0.0,0.0,0.0,0.0
1770774025000.0,2.057,2.057,2.057,2.057,651.0,133911.0,0.0,0.0,0.0,0.0
1770774028000.0,2.057,2.057,2.055,2.055,4938.0,1014759.0000000037,0.0,0.0,0.0,0.0
1770774031000.0,2.055,2.056,2.055,2.056,334.0,68666.0,0.0,0.0,0.0,0.0
1770774040000.0,2.056,2.058,2.056,2.058,184.0,37868.0,0.0,0.0,0.0,0.0
1770774049000.0,2.058,2.058,2.057,2.057,31.0,6379.0,0.0,0.0,0.0,0.0
1770774052000.0,2.057,2.058,2.057,2.058,49.0,10086.99999999255,0.0,0.0,0.0,0.0
1770774055000.0,2.058,2.058,2.057,2.057,330.0,67930.00000000373,0.0,0.0,0.0,0.0
1770774061000.0,2.057,2.059,2.057,2.059,360.0,74070.99999999627,0.0,0.0,0.0,0.0
1770774064000.0,2.059,2.059,2.059,2.059,211.0,43446.00000000745,0.0,0.0,0.0,0.0
1770774067000.0,2.059,2.059,2.058,2.058,24.0,4940.0,0.0,0.0,0.0,0.0
1770774070000.0,2.058,2.06,2.058,2.06,164.0,33783.999999996275,0.0,0.0,0.0,0.0
1770774073000.0,2.06,2.06,2.06,2.06,24.0,4945.0,0.0,0.0,0.0,0.0
1770774079000.0,2.06,2.061,2.06,2.061,10.0,2061.0,0.0,0.0,0.0,0.0
1770774082000.0,2.061,2.061,2.06,2.06,220.0,45340.000000003725,0.0,0.0,0.0,0.0
1770774085000.0,2.06,2.061,2.06,2.061,521.0,107377.99999999627,0.0,0.0,0.0,0.0
1770774091000.0,2.061,2.061,2.059,2.059,121.0,24920.000000003725,0.0,0.0,0.0,0.0
1770774094000.0,2.059,2.061,2.059,2.061,59.0,12160.0,0.0,0.0,0.0,0.0
1770774103000.0,2.061,2.061,2.061,2.061,43.0,8862.0,0.0,0.0,0.0,0.0
1770774109000.0,2.061,2.061,2.061,2.061,1112.0,229174.0,0.0,0.0,0.0,0.0
1770774115000.0,2.061,2.062,2.061,2.062,385.0,79386.99999999627,0.0,0.0,0.0,0.0
1770774118000.0,2.062,2.062,2.061,2.061,92.0,18961.000000003725,0.0,0.0,0.0,0.0
1770774124000.0,2.061,2.063,2.061,2.063,31.0,6395.0,0.0,0.0,0.0,0.0
1770774127000.0,2.063,2.063,2.062,2.062,113.0,23301.0,0.0,0.0,0.0,0.0
1770774133000.0,2.062,2.063,2.062,2.063,541.0,111555.0,0.0,0.0,0.0,0.0
1770774139000.0,2.063,2.063,2.062,2.062,257.0,52992.999999996275,0.0,0.0,0.0,0.0
1770774145000.0,2.062,2.063,2.062,2.063,100.0,20630.000000003725,0.0,0.0,0.0,0.0
1770774151000.0,2.063,2.063,2.062,2.062,20.0,4123.999999996275,0.0,0.0,0.0,0.0
1770774154000.0,2.062,2.064,2.062,2.064,19438.0,4012002.0,0.0,0.0,0.0,0.0
1770774157000.0,2.064,2.064,2.062,2.062,17.0,3505.0,0.0,0.0,0.0,0.0
1770774160000.0,2.062,2.063,2.062,2.063,60.0,12378.0,0.0,0.0,0.0,0.0
1770774163000.0,2.063,2.064,2.063,2.064,69.0,14242.0,0.0,0.0,0.0,0.0
1770774166000.0,2.064,2.065,2.064,2.065,11.0,2271.0,0.0,0.0,0.0,0.0
1770774169000.0,2.065,2.065,2.064,2.064,229.0,47266.0,0.0,0.0,0.0,0.0
1770774172000.0,2.064,2.065,2.064,2.065,558.0,115196.0,0.0,0.0,0.0,0.0
1770774175000.0,2.065,2.065,2.064,2.064,223.0,46027.0,0.0,0.0,0.0,0.0
1770774178000.0,2.064,2.065,2.064,2.065,34.0,7021.0,0.0,0.0,0.0,0.0
1770774181000.0,2.065,2.065,2.065,2.065,152.0,31388.0,0.0,0.0,0.0,0.0
1770774184000.0,2.065,2.065,2.064,2.064,8.0,1652.0,0.0,0.0,0.0,0.0
1770774187000.0,2.064,2.066,2.064,2.066,300.0,61979.0,0.0,0.0,0.0,0.0
1770774190000.0,2.066,2.066,2.064,2.064,79.0,16317.0,0.0,0.0,0.0,0.0
1770774193000.0,2.064,2.064,2.064,2.064,1.0,207.0,0.0,0.0,0.0,0.0
1770774199000.0,2.064,2.066,2.064,2.066,150.0,30989.00000000745,0.0,0.0,0.0,0.0
1770774202000.0,2.066,2.066,2.065,2.065,10.0,2063.999999985099,0.0,0.0,0.0,0.0
1770774205000.0,2.065,2.065,2.065,2.065,92.0,19003.00000000745,0.0,0.0,0.0,0.0
1770774208000.0,2.065,2.065,2.065,2.065,100.0,20650.0,0.0,0.0,0.0,0.0
1770774211000.0,2.065,2.065,2.064,2.064,3362.0,694436.0,0.0,0.0,0.0,0.0
1770774214000.0,2.064,2.064,2.064,2.064,12.0,2475.9999999925494,0.0,0.0,0.0,0.0
1770774217000.0,2.064,2.065,2.064,2.065,24.0,4957.000000007451,0.0,0.0,0.0,0.0
1770774220000.0,2.065,2.065,2.065,2.065,168.0,34689.0,0.0,0.0,0.0,0.0
1770774226000.0,2.065,2.065,2.063,2.063,455.0,93868.0,0.0,0.0,0.0,0.0
1770774232000.0,2.063,2.063,2.063,2.063,537.0,110783.0,0.0,0.0,0.0,0.0
1770774238000.0,2.063,2.064,2.063,2.064,50.0,10320.0,0.0,0.0,0.0,0.0
1770774241000.0,2.064,2.065,2.064,2.065,20070.0,4142452.0,0.0,0.0,0.0,0.0
1770774244000.0,2.065,2.067,2.065,2.067,4894.0,1011424.0,0.0,0.0,0.0,0.0
1770774247000.0,2.067,2.067,2.067,2.067,10352.0,2138424.0,0.0,0.0,0.0,0.0
1770774250000.0,2.067,2.067,2.066,2.066,10067.0,2079852.0,0.0,0.0,0.0,0.0
1770774253000.0,2.066,2.07,2.066,2.07,1500.0,310337.00000000745,0.0,0.0,0.0,0.0
1770774256000.0,2.07,2.07,2.07,2.07,14355.0,2969210.9999999925,0.0,0.0,0.0,0.0
1770774259000.0,2.07,2.07,2.07,2.07,47.0,9729.0,0.0,0.0,0.0,0.0
1770774262000.0,2.07,2.07,2.07,2.07,11525.0,2384026.0,0.0,0.0,0.0,0.0
1770774265000.0,2.07,2.07,2.07,2.07,1607.0,332649.0,0.0,0.0,0.0,0.0
1770774268000.0,2.07,2.071,2.07,2.071,11044.0,2285085.0,0.0,0.0,0.0,0.0
1770774271000.0,2.071,2.071,2.069,2.069,9958.0,2060320.0,0.0,0.0,0.0,0.0
1770774274000.0,2.069,2.07,2.069,2.07,109.0,22553.0,0.0,0.0,0.0,0.0
1770774277000.0,2.07,2.07,2.07,2.07,19.0,3933.0,0.0,0.0,0.0,0.0
1770774283000.0,2.07,2.07,2.069,2.069,1090.0,225509.00000000745,0.0,0.0,0.0,0.0
1770774286000.0,2.069,2.069,2.069,2.069,1421.0,293865.0,0.0,0.0,0.0,0.0
1770774289000.0,2.069,2.069,2.068,2.068,7.0,1448.0,0.0,0.0,0.0,0.0
1770774292000.0,2.068,2.068,2.067,2.067,18.0,3721.9999999925494,0.0,0.0,0.0,0.0
1770774298000.0,2.067,2.067,2.066,2.066,40.0,8264.0,0.0,0.0,0.0,0.0
1770774301000.0,2.066,2.068,2.066,2.068,1104.0,228305.0,0.0,0.0,0.0,0.0
1770774304000.0,2.068,2.068,2.068,2.068,114.0,23586.0,0.0,0.0,0.0,0.0
1770774307000.0,2.068,2.068,2.068,2.068,280.0,57905.00000000745,0.0,0.0,0.0,0.0
1770774310000.0,2.068,2.068,2.068,2.068,121.0,25021.99999999255,0.0,0.0,0.0,0.0
1770774313000.0,2.068,2.068,2.068,2.068,209.0,43222.0,0.0,0.0,0.0,0.0
1770774316000.0,2.068,2.068,2.068,2.068,11799.0,2440033.0000000075,0.0,0.0,0.0,0.0
1770774319000.0,2.068,2.068,2.068,2.068,14755.0,3051334.0,0.0,0.0,0.0,0.0
1770774325000.0,2.068,2.068,2.068,2.068,6.0,1240.9999999925494,0.0,0.0,0.0,0.0
1770774328000.0,2.068,2.068,2.068,2.068,60.0,12408.0,0.0,0.0,0.0,0.0
1770774331000.0,2.068,2.068,2.067,2.067,149.0,30798.0,0.0,0.0,0.0,0.0
1770774334000.0,2.067,2.068,2.067,2.068,282.0,58317.0,0.0,0.0,0.0,0.0
1770774337000.0,2.068,2.069,2.068,2.069,25.0,5173.0,0.0,0.0,0.0,0.0
1770774340000.0,2.069,2.069,2.068,2.068,397.0,82110.0,0.0,0.0,0.0,0.0
1770774343000.0,2.068,2.069,2.068,2.069,24.0,4965.0,0.0,0.0,0.0,0.0
1770774346000.0,2.069,2.069,2.069,2.069,100.0,20690.00000000745,0.0,0.0,0.0,0.0
1770774349000.0,2.069,2.069,2.068,2.068,840.0,173794.0,0.0,0.0,0.0,0.0
1770774352000.0,2.068,2.068,2.068,2.068,9341.0,1932633.0,0.0,0.0,0.0,0.0
1770774355000.0,2.068,2.069,2.068,2.069,10053.0,2079964.9999999925,0.0,0.0,0.0,0.0
1770774358000.0,2.069,2.069,2.069,2.069,30.0,6207.0,0.0,0.0,0.0,0.0
1770774361000.0,2.069,2.069,2.069,2.069,50.0,10345.0,0.0,0.0,0.0,0.0
1770774364000.0,2.069,2.069,2.068,2.068,187.0,38688.00000000745,0.0,0.0,0.0,0.0
1770774367000.0,2.068,2.07,2.068,2.07,145.0,30011.9999999851,0.0,0.0,0.0,0.0
1770774370000.0,2.07,2.07,2.07,2.07,200.0,41400.0,0.0,0.0,0.0,0.0
1770774373000.0,2.07,2.07,2.07,2.07,150.0,31051.0000000149,0.0,0.0,0.0,0.0
1770774379000.0,2.07,2.07,2.07,2.07,143.0,29599.9999999851,0.0,0.0,0.0,0.0
1770774382000.0,2.07,2.07,2.069,2.069,308.0,63725.00000000745,0.0,0.0,0.0,0.0
1770774385000.0,2.069,2.07,2.069,2.07,323.0,66861.0,0.0,0.0,0.0,0.0
1770774388000.0,2.07,2.071,2.07,2.071,24408.0,5054896.0,0.0,0.0,0.0,0.0
1770774391000.0,2.071,2.071,2.07,2.07,40.0,8280.0,0.0,0.0,0.0,0.0
1770774394000.0,2.07,2.071,2.07,2.071,161.0,33343.0,0.0,0.0,0.0,0.0
1770774400000.0,2.071,2.071,2.071,2.071,5026.0,1040884.0,0.0,0.0,0.0,0.0
1770774403000.0,2.071,2.071,2.071,2.071,5016.0,1038814.0,0.0,0.0,0.0,0.0
1770774409000.0,2.071,2.071,2.071,2.071,33.0,6833.999999985099,0.0,0.0,0.0,0.0
1770774415000.0,2.071,2.072,2.071,2.072,117.0,24243.0000000149,0.0,0.0,0.0,0.0
1770774418000.0,2.072,2.072,2.071,2.071,32.0,6627.0,0.0,0.0,0.0,0.0
1770774421000.0,2.071,2.071,2.071,2.071,25.0,5180.0,0.0,0.0,0.0,0.0
1770774424000.0,2.071,2.073,2.071,2.073,6071.0,1258492.0,0.0,0.0,0.0,0.0
1770774427000.0,2.073,2.073,2.071,2.071,119.0,24645.0,0.0,0.0,0.0,0.0
1770774430000.0,2.071,2.072,2.071,2.072,29.0,6011.0,0.0,0.0,0.0,0.0
1770774433000.0,2.072,2.072,2.072,2.072,1029.0,213366.0,0.0,0.0,0.0,0.0
1770774439000.0,2.072,2.072,2.072,2.072,539.0,111710.0,0.0,0.0,0.0,0.0
1770774442000.0,2.072,2.073,2.072,2.073,4803.0,995199.0,0.0,0.0,0.0,0.0
1770774445000.0,2.073,2.073,2.071,2.071,131.0,27133.0,0.0,0.0,0.0,0.0
1770774448000.0,2.071,2.071,2.071,2.071,101.0,20917.0,0.0,0.0,0.0,0.0
1770774451000.0,2.071,2.071,2.071,2.071,101.0,20917.0,0.0,0.0,0.0,0.0
1770774457000.0,2.071,2.071,2.071,2.071,1553.0,321626.0,0.0,0.0,0.0,0.0
1770774463000.0,2.071,2.071,2.07,2.07,502.0,103914.0000000149,0.0,0.0,0.0,0.0
1770774469000.0,2.07,2.07,2.07,2.07,10.0,2069.999999985099,0.0,0.0,0.0,0.0
1770774472000.0,2.07,2.07,2.07,2.07,4195.0,868365.0,0.0,0.0,0.0,0.0
1770774475000.0,2.07,2.07,2.07,2.07,12.0,2484.0,0.0,0.0,0.0,0.0
1770774478000.0,2.07,2.072,2.07,2.072,16895.0,3500644.0,0.0,0.0,0.0,0.0
1770774481000.0,2.072,2.072,2.072,2.072,14897.0,3086687.0,0.0,0.0,0.0,0.0
1770774484000.0,2.072,2.073,2.072,2.073,50.0,10365.0,0.0,0.0,0.0,0.0
1770774487000.0,2.073,2.073,2.073,2.073,10050.0,2081615.0,0.0,0.0,0.0,0.0
1770774490000.0,2.073,2.073,2.073,2.073,120.0,24871.0,0.0,0.0,0.0,0.0
1770774493000.0,2.073,2.073,2.072,2.072,156.0,32323.0000000149,0.0,0.0,0.0,0.0
1770774496000.0,2.072,2.072,2.072,2.072,161.0,33359.9999999851,0.0,0.0,0.0,0.0
1770774499000.0,2.072,2.072,2.072,2.072,816.0,169043.0,0.0,0.0,0.0,0.0
1770774502000.0,2.072,2.072,2.072,2.072,20.0,4144.0,0.0,0.0,0.0,0.0
1770774505000.0,2.072,2.072,2.072,2.072,1.0,208.0,0.0,0.0,0.0,0.0
1770774508000.0,2.072,2.072,2.072,2.072,10.0,2072.0,0.0,0.0,0.0,0.0
1770774511000.0,2.072,2.072,2.071,2.071,100.0,20710.0000000149,0.0,0.0,0.0,0.0
1770774514000.0,2.071,2.072,2.071,2.072,1730.0,358420.9999999851,0.0,0.0,0.0,0.0
1770774520000.0,2.072,2.072,2.071,2.071,129.0,26716.0,0.0,0.0,0.0,0.0
1770774523000.0,2.071,2.071,2.071,2.071,176.0,36448.0,0.0,0.0,0.0,0.0
1770774526000.0,2.071,2.072,2.071,2.072,392.0,81199.0,0.0,0.0,0.0,0.0
1770774535000.0,2.072,2.072,2.071,2.071,10.0,2071.000000014901,0.0,0.0,0.0,0.0
1770774541000.0,2.071,2.071,2.071,2.071,3.0,621.9999999850988,0.0,0.0,0.0,0.0
1770774544000.0,2.071,2.071,2.071,2.071,89.0,18437.0000000149,0.0,0.0,0.0,0.0
1770774547000.0,2.071,2.072,2.071,2.072,103.0,21342.0,0.0,0.0,0.0,0.0
1770774553000.0,2.072,2.072,2.071,2.071,350.0,72494.9999999851,0.0,0.0,0.0,0.0
1770774556000.0,2.071,2.072,2.071,2.072,10.0,2072.0,0.0,0.0,0.0,0.0
1770774559000.0,2.072,2.072,2.071,2.071,38.0,7870.0,0.0,0.0,0.0,0.0
1770774565000.0,2.071,2.072,2.071,2.072,157.0,32532.0,0.0,0.0,0.0,0.0
1770774568000.0,2.072,2.072,2.072,2.072,227.0,47034.0,0.0,0.0,0.0,0.0
1770774574000.0,2.072,2.072,2.072,2.072,198.0,41028.9999999851,0.0,0.0,0.0,0.0
1770774577000.0,2.072,2.072,2.069,2.069,17019.0,3522819.000000015,0.0,0.0,0.0,0.0
1770774580000.0,2.069,2.069,2.069,2.069,660.0,136554.0,0.0,0.0,0.0,0.0
1770774583000.0,2.069,2.069,2.069,2.069,307.0,63518.0,0.0,0.0,0.0,0.0
1770774592000.0,2.069,2.071,2.069,2.071,4.0,828.0,0.0,0.0,0.0,0.0
1770774595000.0,2.071,2.071,2.069,2.069,1.0,207.0,0.0,0.0,0.0,0.0
1770774601000.0,2.069,2.069,2.069,2.069,6.0,1242.0,0.0,0.0,0.0,0.0
1770774604000.0,2.069,2.07,2.069,2.07,10100.0,2090690.0,0.0,0.0,0.0,0.0
1770774616000.0,2.07,2.07,2.069,2.069,2604.0,538776.0,0.0,0.0,0.0,0.0
1770774619000.0,2.069,2.069,2.068,2.068,244.0,50470.0,0.0,0.0,0.0,0.0
1770774622000.0,2.068,2.07,2.068,2.07,554.0,114637.0,0.0,0.0,0.0,0.0
1770774631000.0,2.07,2.07,2.069,2.069,166.0,34346.0,0.0,0.0,0.0,0.0
1770774637000.0,2.069,2.069,2.069,2.069,122.0,25248.0,0.0,0.0,0.0,0.0
1770774643000.0,2.069,2.071,2.069,2.071,401.0,83047.0000000149,0.0,0.0,0.0,0.0
1770774646000.0,2.071,2.071,2.07,2.07,250.0,51750.0,0.0,0.0,0.0,0.0
1770774649000.0,2.07,2.07,2.07,2.07,1.0,206.99999998509884,0.0,0.0,0.0,0.0
1770774661000.0,2.07,2.07,2.069,2.069,50.0,10345.0,0.0,0.0,0.0,0.0
1770774664000.0,2.069,2.07,2.069,2.07,1052.0,217764.0,0.0,0.0,0.0,0.0
1770774667000.0,2.07,2.07,2.07,2.07,21.0,4347.0,0.0,0.0,0.0,0.0
1770774673000.0,2.07,2.071,2.07,2.071,2.0,414.00000001490116,0.0,0.0,0.0,0.0
1770774676000.0,2.071,2.071,2.071,2.071,4.0,828.9999999850988,0.0,0.0,0.0,0.0
1770774679000.0,2.071,2.071,2.071,2.071,57.0,11796.999999985099,0.0,0.0,0.0,0.0
1770774697000.0,2.071,2.071,2.071,2.071,20.0,4143.000000029802,0.0,0.0,0.0,0.0
1770774700000.0,2.071,2.071,2.071,2.071,10.0,2071.0,0.0,0.0,0.0,0.0
1770774703000.0,2.071,2.071,2.069,2.069,110.0,22759.9999999851,0.0,0.0,0.0,0.0
1770774712000.0,2.069,2.07,2.069,2.07,2.0,412.99999998509884,0.0,0.0,0.0,0.0
1770774718000.0,2.07,2.07,2.07,2.07,30.0,6211.000000029802,0.0,0.0,0.0,0.0
1770774721000.0,2.07,2.07,2.07,2.07,23.0,4759.999999970198,0.0,0.0,0.0,0.0
1770774727000.0,2.07,2.07,2.07,2.07,102.0,21115.000000029802,0.0,0.0,0.0,0.0
1770774730000.0,2.07,2.07,2.07,2.07,1216.0,251711.9999999851,0.0,0.0,0.0,0.0
1770774736000.0,2.07,2.071,2.07,2.071,5.0,1036.0,0.0,0.0,0.0,0.0
1770774742000.0,2.071,2.071,2.071,2.071,1.0,207.0,0.0,0.0,0.0,0.0
1770774751000.0,2.071,2.071,2.071,2.071,319.0,66065.0,0.0,0.0,0.0,0.0
1770774754000.0,2.071,2.072,2.071,2.072,20418.0,4230606.0,0.0,0.0,0.0,0.0
1770774757000.0,2.072,2.073,2.072,2.073,636.0,131808.0,0.0,0.0,0.0,0.0
1770774760000.0,2.073,2.073,2.073,2.073,10695.0,2216074.0,0.0,0.0,0.0,0.0
1770774763000.0,2.073,2.073,2.072,2.072,10000.0,2072546.000000015,0.0,0.0,0.0,0.0
1770774766000.0,2.072,2.074,2.072,2.074,1851.0,383897.9999999851,0.0,0.0,0.0,0.0
1770774769000.0,2.074,2.074,2.074,2.074,600.0,124440.0,0.0,0.0,0.0,0.0
1770774772000.0,2.074,2.074,2.074,2.074,355.0,73627.0,0.0,0.0,0.0,0.0
1770774775000.0,2.074,2.074,2.074,2.074,4982.0,1033267.0,0.0,0.0,0.0,0.0
1770774778000.0,2.074,2.074,2.074,2.074,4115.0,853451.0,0.0,0.0,0.0,0.0
1770774781000.0,2.074,2.074,2.074,2.074,21.0,4353.999999985099,0.0,0.0,0.0,0.0
1770774784000.0,2.074,2.074,2.074,2.074,103.0,21368.000000029802,0.0,0.0,0.0,0.0
1770774787000.0,2.074,2.074,2.074,2.074,492.0,102045.9999999851,0.0,0.0,0.0,0.0
1770774790000.0,2.074,2.074,2.073,2.073,121.0,25082.9999999851,0.0,0.0,0.0,0.0
1770774793000.0,2.073,2.074,2.073,2.074,20.0,4149.000000014901,0.0,0.0,0.0,0.0
1770774802000.0,2.074,2.074,2.074,2.074,406.0,84204.0,0.0,0.0,0.0,0.0
1770774805000.0,2.074,2.074,2.074,2.074,1.0,207.0,0.0,0.0,0.0,0.0
1770774808000.0,2.074,2.074,2.074,2.074,33.0,6845.0,0.0,0.0,0.0,0.0
1770774814000.0,2.074,2.075,2.074,2.075,12.0,2490.0,0.0,0.0,0.0,0.0
1770774817000.0,2.075,2.075,2.074,2.074,125.0,25926.0000000149,0.0,0.0,0.0,0.0
1770774820000.0,2.074,2.074,2.074,2.074,356.0,73834.0,0.0,0.0,0.0,0.0
1770774823000.0,2.074,2.074,2.073,2.073,1417.0,293887.9999999702,0.0,0.0,0.0,0.0
1770774829000.0,2.073,2.073,2.073,2.073,25.0,5184.000000029802,0.0,0.0,0.0,0.0
1770774835000.0,2.073,2.073,2.072,2.072,59.0,12225.0,0.0,0.0,0.0,0.0
1770774841000.0,2.072,2.072,2.072,2.072,304.0,62987.9999999851,0.0,0.0,0.0,0.0
1770774844000.0,2.072,2.072,2.072,2.072,447.0,92618.0,0.0,0.0,0.0,0.0
1770774847000.0,2.072,2.072,2.072,2.072,12.0,2487.000000014901,0.0,0.0,0.0,0.0
1770774859000.0,2.072,2.072,2.072,2.072,977.0,202433.9999999851,0.0,0.0,0.0,0.0
1770774862000.0,2.072,2.072,2.072,2.072,1.0,207.0,0.0,0.0,0.0,0.0
1770774865000.0,2.072,2.072,2.072,2.072,12.0,2485.999999985099,0.0,0.0,0.0,0.0
1770774868000.0,2.072,2.072,2.071,2.071,187.0,38727.0,0.0,0.0,0.0,0.0
1770774871000.0,2.071,2.071,2.07,2.07,10.0,2071.000000014901,0.0,0.0,0.0,0.0
1770774874000.0,2.07,2.07,2.07,2.07,14.0,2898.0,0.0,0.0,0.0,0.0
1770774877000.0,2.07,2.072,2.07,2.072,32.0,6629.0,0.0,0.0,0.0,0.0
1770774883000.0,2.072,2.072,2.071,2.071,50.0,10353.999999985099,0.0,0.0,0.0,0.0
1770774889000.0,2.071,2.072,2.071,2.072,230.0,47657.0000000149,0.0,0.0,0.0,0.0
1770774898000.0,2.072,2.072,2.072,2.072,69.0,14297.000000014901,0.0,0.0,0.0,0.0
1770774901000.0,2.072,2.072,2.072,2.072,47.0,9736.999999970198,0.0,0.0,0.0,0.0
1770774907000.0,2.072,2.072,2.071,2.071,532.0,110183.0000000149,0.0,0.0,0.0,0.0
1770774910000.0,2.071,2.072,2.071,2.072,207.0,42870.0,0.0,0.0,0.0,0.0
1770774913000.0,2.072,2.072,2.071,2.071,50.0,10353.999999985099,0.0,0.0,0.0,0.0
1770774916000.0,2.071,2.071,2.071,2.071,2003.0,414823.0000000149,0.0,0.0,0.0,0.0
1770774919000.0,2.071,2.071,2.07,2.07,173.0,35811.0,0.0,0.0,0.0,0.0
1770774925000.0,2.07,2.07,2.07,2.07,583.0,120632.0,0.0,0.0,0.0,0.0
1770774928000.0,2.07,2.07,2.069,2.069,1.0,207.00000001490116,0.0,0.0,0.0,0.0
1770774931000.0,2.069,2.069,2.069,2.069,109.0,22551.9999999851,0.0,0.0,0.0,0.0
1770774937000.0,2.069,2.069,2.069,2.069,57.0,11794.0,0.0,0.0,0.0,0.0
1770774943000.0,2.069,2.069,2.069,2.069,100.0,20690.0,0.0,0.0,0.0,0.0
1770774949000.0,2.069,2.069,2.068,2.068,1.0,206.0,0.0,0.0,0.0,0.0
1770774952000.0,2.068,2.068,2.068,2.068,17.0,3516.0,0.0,0.0,0.0,0.0
1770774955000.0,2.068,2.068,2.067,2.067,6077.0,1256724.000000015,0.0,0.0,0.0,0.0
1770774958000.0,2.067,2.068,2.067,2.068,621.0,128361.0,0.0,0.0,0.0,0.0
1770774964000.0,2.068,2.068,2.067,2.067,101.0,20876.9999999851,0.0,0.0,0.0,0.0
1770774967000.0,2.067,2.067,2.066,2.066,140.0,28924.0,0.0,0.0,0.0,0.0
1770774970000.0,2.066,2.066,2.065,2.065,5.0,1033.0,0.0,0.0,0.0,0.0
1770774973000.0,2.065,2.065,2.065,2.065,11.0,2269.999999985099,0.0,0.0,0.0,0.0
1770774979000.0,2.065,2.065,2.065,2.065,913.0,188536.0000000149,0.0,0.0,0.0,0.0
1770774982000.0,2.065,2.065,2.065,2.065,857.0,176970.0,0.0,0.0,0.0,0.0
1770774985000.0,2.065,2.065,2.064,2.064,52.0,10733.0,0.0,0.0,0.0,0.0
1770774988000.0,2.064,2.064,2.064,2.064,175.0,36136.0000000149,0.0,0.0,0.0,0.0
1770774991000.0,2.064,2.066,2.064,2.066,880.0,181776.9999999851,0.0,0.0,0.0,0.0
1770774994000.0,2.066,2.067,2.066,2.067,3911.0,808404.0,0.0,0.0,0.0,0.0
1770774997000.0,2.067,2.067,2.067,2.067,15225.0,3147007.0,0.0,0.0,0.0,0.0
1770775006000.0,2.067,2.068,2.067,2.068,61.0,12615.0,0.0,0.0,0.0,0.0
1770775018000.0,2.068,2.068,2.068,2.068,103.0,21301.0,0.0,0.0,0.0,0.0
1770775021000.0,2.068,2.068,2.068,2.068,5.0,1034.0,0.0,0.0,0.0,0.0
1770775024000.0,2.068,2.068,2.068,2.068,551.0,113952.0000000149,0.0,0.0,0.0,0.0
1770775027000.0,2.068,2.069,2.068,2.069,2.0,412.99999998509884,0.0,0.0,0.0,0.0
1770775030000.0,2.069,2.069,2.068,2.068,10.0,2066.999999985099,0.0,0.0,0.0,0.0
1770775033000.0,2.068,2.068,2.068,2.068,30.0,6205.000000014901,0.0,0.0,0.0,0.0
1770775039000.0,2.068,2.068,2.068,2.068,14.0,2894.999999985099,0.0,0.0,0.0,0.0
1770775045000.0,2.068,2.068,2.066,2.066,20.0,4133.000000029802,0.0,0.0,0.0,0.0
1770775048000.0,2.066,2.066,2.066,2.066,172.0,35534.9999999851,0.0,0.0,0.0,0.0
1770775060000.0,2.066,2.066,2.066,2.066,41.0,8470.000000014901,0.0,0.0,0.0,0.0
1770775063000.0,2.066,2.066,2.066,2.066,331.0,68386.0,0.0,0.0,0.0,0.0
1770775075000.0,2.066,2.067,2.066,2.067,19.0,3927.0,0.0,0.0,0.0,0.0
1770775084000.0,2.067,2.067,2.067,2.067,1.0,207.0,0.0,0.0,0.0,0.0
1770775087000.0,2.067,2.067,2.066,2.066,28.0,5784.999999985099,0.0,0.0,0.0,0.0
1770775093000.0,2.066,2.066,2.066,2.066,2.0,413.0,0.0,0.0,0.0,0.0
1770775096000.0,2.066,2.066,2.066,2.066,424.0,87599.0,0.0,0.0,0.0,0.0
1770775099000.0,2.066,2.066,2.066,2.066,107.0,22106.0000000149,0.0,0.0,0.0,0.0
1770775105000.0,2.066,2.066,2.066,2.066,51.0,10535.999999985099,0.0,0.0,0.0,0.0
1770775111000.0,2.066,2.066,2.066,2.066,69.0,14256.000000014901,0.0,0.0,0.0,0.0
1770775114000.0,2.066,2.066,2.066,2.066,7.0,1445.9999999850988,0.0,0.0,0.0,0.0
1770775117000.0,2.066,2.067,2.066,2.067,6.0,1240.0,0.0,0.0,0.0,0.0
1770775120000.0,2.067,2.067,2.066,2.066,50.0,10335.0,0.0,0.0,0.0,0.0
1770775129000.0,2.066,2.066,2.065,2.065,3.0,619.0,0.0,0.0,0.0,0.0
1770775135000.0,2.065,2.066,2.065,2.066,27.0,5578.000000014901,0.0,0.0,0.0,0.0
1770775141000.0,2.066,2.066,2.066,2.066,1756.0,362789.9999999851,0.0,0.0,0.0,0.0
1770775144000.0,2.066,2.066,2.066,2.066,124.0,25618.0,0.0,0.0,0.0,0.0
1770775147000.0,2.066,2.066,2.066,2.066,26.0,5372.0,0.0,0.0,0.0,0.0
1770775150000.0,2.066,2.067,2.066,2.067,694.0,143450.0000000149,0.0,0.0,0.0,0.0
1770775153000.0,2.067,2.069,2.067,2.069,7006.0,1449047.999999985,0.0,0.0,0.0,0.0
1770775156000.0,2.069,2.069,2.069,2.069,10.0,2069.000000014901,0.0,0.0,0.0,0.0
1770775162000.0,2.069,2.07,2.069,2.07,4590.0,950130.0,0.0,0.0,0.0,0.0
1770775165000.0,2.07,2.07,2.07,2.07,465.0,96253.9999999851,0.0,0.0,0.0,0.0
1770775171000.0,2.07,2.07,2.07,2.07,25.0,5175.000000014901,0.0,0.0,0.0,0.0
1770775189000.0,2.07,2.07,2.07,2.07,8.0,1655.9999999850988,0.0,0.0,0.0,0.0
1770775195000.0,2.07,2.071,2.07,2.071,16.0,3314.0,0.0,0.0,0.0,0.0
1770775204000.0,2.071,2.072,2.071,2.072,13.0,2690.999999985099,0.0,0.0,0.0,0.0
1770775207000.0,2.072,2.072,2.072,2.072,293.0,60711.0000000149,0.0,0.0,0.0,0.0
1770775213000.0,2.072,2.073,2.072,2.073,109.0,22596.0000000149,0.0,0.0,0.0,0.0
1770775222000.0,2.073,2.074,2.073,2.074,581.0,120489.0,0.0,0.0,0.0,0.0
1770775225000.0,2.074,2.074,2.074,2.074,130.0,26961.9999999851,0.0,0.0,0.0,0.0
1770775228000.0,2.074,2.074,2.074,2.074,150.0,31110.0,0.0,0.0,0.0,0.0
1770775231000.0,2.074,2.074,2.073,2.073,49.0,10158.0,0.0,0.0,0.0,0.0
1770775237000.0,2.073,2.073,2.073,2.073,89.0,18453.0000000149,0.0,0.0,0.0,0.0
1770775240000.0,2.073,2.073,2.072,2.072,1781.0,369125.9999999851,0.0,0.0,0.0,0.0
1770775243000.0,2.072,2.072,2.072,2.072,1056.0,218804.0,0.0,0.0,0.0,0.0
1770775246000.0,2.072,2.072,2.072,2.072,233.0,48277.0,0.0,0.0,0.0,0.0
1770775249000.0,2.072,2.072,2.071,2.071,60.0,12427.0,0.0,0.0,0.0,0.0
1770775255000.0,2.071,2.071,2.071,2.071,14.0,2900.0,0.0,0.0,0.0,0.0
1770775258000.0,2.071,2.071,2.071,2.071,1687.0,349690.0000000149,0.0,0.0,0.0,0.0
1770775267000.0,2.071,2.071,2.071,2.071,11.0,2277.999999985099,0.0,0.0,0.0,0.0
1770775270000.0,2.071,2.071,2.071,2.071,15.0,3106.0,0.0,0.0,0.0,0.0
1770775273000.0,2.071,2.071,2.071,2.071,7.0,1448.9999999850988,0.0,0.0,0.0,0.0
1770775276000.0,2.071,2.071,2.071,2.071,11.0,2279.000000014901,0.0,0.0,0.0,0.0
1770775279000.0,2.071,2.073,2.071,2.073,50.0,10365.0,0.0,0.0,0.0,0.0
1770775282000.0,2.073,2.073,2.073,2.073,268.0,55562.0,0.0,0.0,0.0,0.0
1770775285000.0,2.073,2.074,2.073,2.074,2.0,415.0,0.0,0.0,0.0,0.0
1770775288000.0,2.074,2.074,2.073,2.073,161.0,33375.0,0.0,0.0,0.0,0.0
1770775297000.0,2.073,2.073,2.072,2.072,1.0,207.0,0.0,0.0,0.0,0.0
1770775300000.0,2.072,2.072,2.072,2.072,40.0,8288.0,0.0,0.0,0.0,0.0
1770775312000.0,2.072,2.072,2.072,2.072,488.0,101114.0000000149,0.0,0.0,0.0,0.0
1770775315000.0,2.072,2.072,2.072,2.072,749.0,155193.0,0.0,0.0,0.0,0.0
1770775318000.0,2.072,2.072,2.071,2.071,52.0,10767.999999970198,0.0,0.0,0.0,0.0
1770775324000.0,2.071,2.071,2.071,2.071,56.0,11599.000000014901,0.0,0.0,0.0,0.0
1770775327000.0,2.071,2.071,2.071,2.071,2.0,414.0,0.0,0.0,0.0,0.0
1770775336000.0,2.071,2.072,2.071,2.072,199.0,41214.0,0.0,0.0,0.0,0.0
1770775339000.0,2.072,2.072,2.072,2.072,352.0,72935.0,0.0,0.0,0.0,0.0
1770775345000.0,2.072,2.072,2.072,2.072,30.0,6216.0,0.0,0.0,0.0,0.0
1770775348000.0,2.072,2.072,2.072,2.072,13.0,2693.0,0.0,0.0,0.0,0.0
1770775351000.0,2.072,2.073,2.072,2.073,1.0,208.0,0.0,0.0,0.0,0.0
1770775357000.0,2.073,2.073,2.072,2.072,30.0,6214.999999985099,0.0,0.0,0.0,0.0
1770775360000.0,2.072,2.072,2.072,2.072,37.0,7667.000000014901,0.0,0.0,0.0,0.0
1770775363000.0,2.072,2.072,2.072,2.072,12.0,2486.000000014901,0.0,0.0,0.0,0.0
1770775369000.0,2.072,2.072,2.072,2.072,500.0,103599.9999999851,0.0,0.0,0.0,0.0
1770775372000.0,2.072,2.072,2.072,2.072,52.0,10775.0,0.0,0.0,0.0,0.0
1770775375000.0,2.072,2.073,2.072,2.073,2.0,414.00000001490116,0.0,0.0,0.0,0.0
1770775381000.0,2.073,2.073,2.073,2.073,12.0,2487.999999985099,0.0,0.0,0.0,0.0
1770775384000.0,2.073,2.073,2.071,2.071,768.0,159053.0,0.0,0.0,0.0,0.0
1770775387000.0,2.071,2.071,2.071,2.071,50.0,10355.000000014901,0.0,0.0,0.0,0.0
1770775393000.0,2.071,2.071,2.07,2.07,222.0,45954.0,0.0,0.0,0.0,0.0
1770775396000.0,2.07,2.07,2.07,2.07,30.0,6209.999999985099,0.0,0.0,0.0,0.0
1770775402000.0,2.07,2.07,2.069,2.069,3.0,621.0000000149012,0.0,0.0,0.0,0.0
1770775405000.0,2.069,2.069,2.068,2.068,5.0,1033.9999999850988,0.0,0.0,0.0,0.0
1770775411000.0,2.068,2.07,2.068,2.07,2002.0,414260.0,0.0,0.0,0.0,0.0
1770775414000.0,2.07,2.072,2.07,2.072,4049.0,838789.9999999851,0.0,0.0,0.0,0.0
1770775417000.0,2.072,2.072,2.072,2.072,161.0,33360.0000000298,0.0,0.0,0.0,0.0
1770775420000.0,2.072,2.073,2.072,2.073,157.0,32545.9999999851,0.0,0.0,0.0,0.0
1770775429000.0,2.073,2.074,2.073,2.074,3991.0,827733.0000000149,0.0,0.0,0.0,0.0
1770775432000.0,2.074,2.074,2.073,2.073,1.0,208.0,0.0,0.0,0.0,0.0
1770775438000.0,2.073,2.073,2.073,2.073,159.0,32960.0,0.0,0.0,0.0,0.0
1770775441000.0,2.073,2.074,2.073,2.074,527.0,109299.9999999702,0.0,0.0,0.0,0.0
1770775444000.0,2.074,2.074,2.074,2.074,1832.0,379956.0,0.0,0.0,0.0,0.0
1770775447000.0,2.074,2.074,2.072,2.072,1305.0,270595.0000000149,0.0,0.0,0.0,0.0
1770775450000.0,2.072,2.072,2.072,2.072,657.0,136135.0000000149,0.0,0.0,0.0,0.0
1770775453000.0,2.072,2.072,2.072,2.072,33.0,6837.999999985099,0.0,0.0,0.0,0.0
1770775456000.0,2.072,2.072,2.071,2.071,1.0,207.0,0.0,0.0,0.0,0.0
1770775459000.0,2.071,2.073,2.071,2.073,500.0,103607.0000000149,0.0,0.0,0.0,0.0
1770775462000.0,2.073,2.073,2.072,2.072,3.0,621.9999999850988,0.0,0.0,0.0,0.0
1770775465000.0,2.072,2.073,2.072,2.073,74.0,15339.000000014901,0.0,0.0,0.0,0.0
1770775468000.0,2.073,2.073,2.072,2.072,2360.0,488992.0,0.0,0.0,0.0,0.0
1770775477000.0,2.072,2.073,2.072,2.073,122.0,25286.0,0.0,0.0,0.0,0.0
1770775480000.0,2.073,2.073,2.073,2.073,41.0,8498.999999985099,0.0,0.0,0.0,0.0
1770775483000.0,2.073,2.074,2.073,2.074,107.0,22192.0000000149,0.0,0.0,0.0,0.0
1770775486000.0,2.074,2.075,2.074,2.075,79.0,16391.9999999851,0.0,0.0,0.0,0.0
1770775489000.0,2.075,2.075,2.075,2.075,292.0,60566.0,0.0,0.0,0.0,0.0
1770775492000.0,2.075,2.075,2.075,2.075,1390.0,288425.0,0.0,0.0,0.0,0.0
1770775495000.0,2.075,2.077,2.075,2.077,1837.0,381514.0,0.0,0.0,0.0,0.0
1770775498000.0,2.077,2.077,2.077,2.077,313.0,65015.0,0.0,0.0,0.0,0.0
1770775501000.0,2.077,2.078,2.077,2.078,10.0,2078.0,0.0,0.0,0.0,0.0
1770775504000.0,2.078,2.078,2.077,2.077,1856.0,385507.0,0.0,0.0,0.0,0.0
1770775507000.0,2.077,2.077,2.075,2.075,2259.0,468966.0,0.0,0.0,0.0,0.0
1770775510000.0,2.075,2.076,2.075,2.076,249.0,51689.0,0.0,0.0,0.0,0.0
1770775513000.0,2.076,2.076,2.076,2.076,22.0,4567.000000014901,0.0,0.0,0.0,0.0
1770775516000.0,2.076,2.076,2.075,2.075,124.0,25729.9999999851,0.0,0.0,0.0,0.0
1770775519000.0,2.075,2.075,2.075,2.075,1868.0,387610.0000000149,0.0,0.0,0.0,0.0
1770775522000.0,2.075,2.076,2.075,2.076,7511.0,1558196.999999985,0.0,0.0,0.0,0.0
1770775534000.0,2.076,2.076,2.075,2.075,62.0,12865.0,0.0,0.0,0.0,0.0
1770775543000.0,2.075,2.075,2.075,2.075,10.0,2075.0,0.0,0.0,0.0,0.0
1770775546000.0,2.075,2.075,2.075,2.075,3.0,622.0,0.0,0.0,0.0,0.0
1770775549000.0,2.075,2.076,2.075,2.076,567.0,117710.0,0.0,0.0,0.0,0.0
1770775552000.0,2.076,2.076,2.075,2.075,209.0,43367.0,0.0,0.0,0.0,0.0
1770775564000.0,2.075,2.076,2.075,2.076,3560.0,739046.0000000149,0.0,0.0,0.0,0.0
1770775567000.0,2.076,2.076,2.074,2.074,117.0,24276.9999999851,0.0,0.0,0.0,0.0
1770775570000.0,2.074,2.074,2.074,2.074,2.0,413.99999998509884,0.0,0.0,0.0,0.0
1770775579000.0,2.074,2.074,2.074,2.074,4.0,830.0000000149012,0.0,0.0,0.0,0.0
1770775582000.0,2.074,2.075,2.074,2.075,130.0,26973.9999999851,0.0,0.0,0.0,0.0
1770775585000.0,2.075,2.076,2.075,2.076,205.0,42559.0000000149,0.0,0.0,0.0,0.0
1770775588000.0,2.076,2.077,2.076,2.077,1641.0,340822.0,0.0,0.0,0.0,0.0
1770775597000.0,2.077,2.077,2.077,2.077,5.0,1036.9999999850988,0.0,0.0,0.0,0.0
1770775603000.0,2.077,2.077,2.077,2.077,27.0,5612.000000014901,0.0,0.0,0.0,0.0
1770775615000.0,2.077,2.078,2.077,2.078,49.0,10182.0,0.0,0.0,0.0,0.0
1770775621000.0,2.078,2.078,2.078,2.078,229.0,47586.0000000149,0.0,0.0,0.0,0.0
1770775624000.0,2.078,2.079,2.078,2.079,481.0,100000.0,0.0,0.0,0.0,0.0
1770775627000.0,2.079,2.079,2.078,2.078,58.0,12053.0,0.0,0.0,0.0,0.0
1770775630000.0,2.078,2.078,2.078,2.078,2.0,414.99999998509884,0.0,0.0,0.0,0.0
1770775633000.0,2.078,2.079,2.078,2.079,1544.0,320996.9999999851,0.0,0.0,0.0,0.0
1770775636000.0,2.079,2.079,2.079,2.079,3.0,624.0000000149012,0.0,0.0,0.0,0.0
1770775639000.0,2.079,2.08,2.079,2.08,200.0,41600.0000000149,0.0,0.0,0.0,0.0
1770775642000.0,2.08,2.08,2.08,2.08,3799.0,790167.9999999851,0.0,0.0,0.0,0.0
1770775645000.0,2.08,2.081,2.08,2.081,213.0,44326.0,0.0,0.0,0.0,0.0
1770775648000.0,2.081,2.082,2.081,2.082,689.0,143428.0,0.0,0.0,0.0,0.0
1770775651000.0,2.082,2.083,2.082,2.083,523.0,108886.0,0.0,0.0,0.0,0.0
1770775654000.0,2.083,2.083,2.083,2.083,1531.0,318846.0,0.0,0.0,0.0,0.0
1770775657000.0,2.083,2.084,2.083,2.084,270.0,56268.0000000149,0.0,0.0,0.0,0.0
1770775660000.0,2.084,2.084,2.082,2.082,2.0,415.99999998509884,0.0,0.0,0.0,0.0
1770775663000.0,2.082,2.083,2.082,2.083,181.0,37704.0000000149,0.0,0.0,0.0,0.0
1770775669000.0,2.083,2.084,2.083,2.084,22.0,4583.999999970198,0.0,0.0,0.0,0.0
1770775672000.0,2.084,2.084,2.084,2.084,433.0,90238.0000000298,0.0,0.0,0.0,0.0
1770775675000.0,2.084,2.084,2.084,2.084,1011.0,210692.0,0.0,0.0,0.0,0.0
1770775678000.0,2.084,2.085,2.084,2.085,273.0,56901.0,0.0,0.0,0.0,0.0
1770775681000.0,2.085,2.085,2.084,2.084,99.0,20631.9999999851,0.0,0.0,0.0,0.0
1770775687000.0,2.084,2.084,2.084,2.084,4706.0,981050.0,0.0,0.0,0.0,0.0
1770775690000.0,2.084,2.084,2.084,2.084,51.0,10628.000000014901,0.0,0.0,0.0,0.0
1770775693000.0,2.084,2.084,2.083,2.083,10.0,2083.0,0.0,0.0,0.0,0.0
1770775699000.0,2.083,2.083,2.08,2.08,6532.0,1359111.999999985,0.0,0.0,0.0,0.0
1770775702000.0,2.08,2.08,2.079,2.079,1603.0,333414.0000000149,0.0,0.0,0.0,0.0
1770775705000.0,2.079,2.079,2.078,2.078,1670.0,347185.9999999851,0.0,0.0,0.0,0.0
1770775708000.0,2.078,2.079,2.078,2.079,260.0,54052.0,0.0,0.0,0.0,0.0
1770775714000.0,2.079,2.079,2.078,2.078,1.0,208.0,0.0,0.0,0.0,0.0
1770775717000.0,2.078,2.078,2.078,2.078,968.0,201190.0000000149,0.0,0.0,0.0,0.0
1770775720000.0,2.078,2.078,2.078,2.078,10.0,2078.0,0.0,0.0,0.0,0.0
1770775726000.0,2.078,2.078,2.078,2.078,50.0,10388.999999970198,0.0,0.0,0.0,0.0
1770775729000.0,2.078,2.079,2.078,2.079,481.0,100001.0000000149,0.0,0.0,0.0,0.0
1770775732000.0,2.079,2.079,2.078,2.078,3.0,623.0,0.0,0.0,0.0,0.0
1770775735000.0,2.078,2.08,2.078,2.08,1602.0,333056.0,0.0,0.0,0.0,0.0
1770775738000.0,2.08,2.08,2.078,2.078,100.0,20780.000000029802,0.0,0.0,0.0,0.0
1770775741000.0,2.078,2.08,2.078,2.08,453.0,94134.9999999702,0.0,0.0,0.0,0.0
1770775747000.0,2.08,2.08,2.08,2.08,3.0,624.0,0.0,0.0,0.0,0.0
1770775750000.0,2.08,2.08,2.078,2.078,3.0,624.0,0.0,0.0,0.0,0.0
1770775756000.0,2.078,2.079,2.078,2.079,53.0,11018.0,0.0,0.0,0.0,0.0
1770775759000.0,2.079,2.079,2.079,2.079,6.0,1248.0,0.0,0.0,0.0,0.0
1770775762000.0,2.079,2.079,2.078,2.078,3.0,623.0,0.0,0.0,0.0,0.0
1770775765000.0,2.078,2.078,2.078,2.078,3.0,623.0,0.0,0.0,0.0,0.0
1770775783000.0,2.078,2.078,2.078,2.078,35.0,7273.0,0.0,0.0,0.0,0.0
1770775786000.0,2.078,2.079,2.078,2.079,140.0,29106.0,0.0,0.0,0.0,0.0
1770775795000.0,2.079,2.079,2.078,2.078,1.0,208.00000002980232,0.0,0.0,0.0,0.0
1770775798000.0,2.078,2.079,2.078,2.079,1000.0,207900.0,0.0,0.0,0.0,0.0
1770775804000.0,2.079,2.08,2.079,2.08,75.0,15599.999999970198,0.0,0.0,0.0,0.0
1770775807000.0,2.08,2.08,2.08,2.08,450.0,93600.0000000298,0.0,0.0,0.0,0.0
1770775813000.0,2.08,2.08,2.08,2.08,182.0,37855.9999999702,0.0,0.0,0.0,0.0
1770775816000.0,2.08,2.08,2.08,2.08,109.0,22683.0,0.0,0.0,0.0,0.0
1770775819000.0,2.08,2.08,2.08,2.08,730.0,151840.0,0.0,0.0,0.0,0.0
1770775828000.0,2.08,2.08,2.08,2.08,355.0,73840.0,0.0,0.0,0.0,0.0
1770775831000.0,2.08,2.08,2.079,2.079,40.0,8319.0,0.0,0.0,0.0,0.0
1770775834000.0,2.079,2.079,2.079,2.079,14.0,2911.0,0.0,0.0,0.0,0.0
1770775843000.0,2.079,2.08,2.079,2.08,91.0,18928.0,0.0,0.0,0.0,0.0
1770775858000.0,2.08,2.08,2.08,2.08,150.0,31200.0,0.0,0.0,0.0,0.0
1770775861000.0,2.08,2.08,2.08,2.08,51.0,10608.0,0.0,0.0,0.0,0.0
1770775864000.0,2.08,2.081,2.08,2.081,474.0,98597.0,0.0,0.0,0.0,0.0
1770775867000.0,2.081,2.081,2.081,2.081,1441.0,299872.0,0.0,0.0,0.0,0.0
1770775876000.0,2.081,2.082,2.081,2.082,72.0,14990.0,0.0,0.0,0.0,0.0
1770775879000.0,2.082,2.082,2.082,2.082,175.0,36435.0,0.0,0.0,0.0,0.0
1770775882000.0,2.082,2.082,2.082,2.082,14.0,2915.0000000298023,0.0,0.0,0.0,0.0
1770775885000.0,2.082,2.083,2.082,2.083,7.0,1457.9999999701977,0.0,0.0,0.0,0.0
1770775894000.0,2.083,2.083,2.083,2.083,5.0,1041.0,0.0,0.0,0.0,0.0
1770775906000.0,2.083,2.083,2.083,2.083,156.0,32495.0,0.0,0.0,0.0,0.0
1770775912000.0,2.083,2.083,2.082,2.082,702.0,146156.0000000298,0.0,0.0,0.0,0.0
1770775918000.0,2.082,2.082,2.081,2.081,6.0,1248.9999999701977,0.0,0.0,0.0,0.0
1770775921000.0,2.081,2.081,2.08,2.08,2.0,416.0,0.0,0.0,0.0,0.0
1770775924000.0,2.08,2.08,2.08,2.08,105.0,21840.0,0.0,0.0,0.0,0.0
1770775927000.0,2.08,2.08,2.08,2.08,2.0,414.9999999701977,0.0,0.0,0.0,0.0
1770775930000.0,2.08,2.08,2.08,2.08,73.0,15185.000000059605,0.0,0.0,0.0,0.0
1770775939000.0,2.08,2.08,2.08,2.08,233.0,48460.9999999702,0.0,0.0,0.0,0.0
1770775942000.0,2.08,2.08,2.08,2.08,167.0,34736.0000000298,0.0,0.0,0.0,0.0
1770775945000.0,2.08,2.08,2.08,2.08,15.0,3120.0,0.0,0.0,0.0,0.0
1770775948000.0,2.08,2.081,2.08,2.081,101.0,21007.999999970198,0.0,0.0,0.0,0.0
1770775951000.0,2.081,2.081,2.08,2.08,22.0,4576.000000029802,0.0,0.0,0.0,0.0
1770775957000.0,2.08,2.081,2.08,2.081,1.0,207.99999997019768,0.0,0.0,0.0,0.0
1770775960000.0,2.081,2.082,2.081,2.082,11.0,2290.0,0.0,0.0,0.0,0.0
1770775963000.0,2.082,2.083,2.082,2.083,536.0,111624.0,0.0,0.0,0.0,0.0
1770775966000.0,2.083,2.083,2.082,2.082,380.0,79116.0,0.0,0.0,0.0,0.0
1770775969000.0,2.082,2.082,2.082,2.082,100.0,20818.999999970198,0.0,0.0,0.0,0.0
1770775972000.0,2.082,2.084,2.082,2.084,3.0,626.0000000298023,0.0,0.0,0.0,0.0
1770775975000.0,2.084,2.084,2.083,2.083,70.0,14581.000000029802,0.0,0.0,0.0,0.0
1770775984000.0,2.083,2.084,2.083,2.084,174.0,36260.9999999702,0.0,0.0,0.0,0.0
1770775987000.0,2.084,2.084,2.084,2.084,2361.0,492033.0,0.0,0.0,0.0,0.0
1770775990000.0,2.084,2.085,2.084,2.085,2814.0,586438.0,0.0,0.0,0.0,0.0
1770775993000.0,2.085,2.085,2.085,2.085,1898.0,395733.0,0.0,0.0,0.0,0.0
1770776002000.0,2.085,2.086,2.085,2.086,279.0,58189.0,0.0,0.0,0.0,0.0
1770776005000.0,2.086,2.086,2.086,2.086,313.0,65293.0,0.0,0.0,0.0,0.0
1770776008000.0,2.086,2.087,2.086,2.087,2.0,417.0,0.0,0.0,0.0,0.0
1770776011000.0,2.087,2.087,2.086,2.086,116.0,24198.0,0.0,0.0,0.0,0.0
1770776014000.0,2.086,2.087,2.086,2.087,511.0,106644.0,0.0,0.0,0.0,0.0
1770776017000.0,2.087,2.087,2.087,2.087,60.0,12522.0,0.0,0.0,0.0,0.0
1770776020000.0,2.087,2.087,2.087,2.087,1.0,209.0,0.0,0.0,0.0,0.0
1770776023000.0,2.087,2.087,2.087,2.087,1.0,209.0,0.0,0.0,0.0,0.0
1770776026000.0,2.087,2.087,2.087,2.087,359.0,74952.0,0.0,0.0,0.0,0.0
1770776029000.0,2.087,2.088,2.087,2.088,118.0,24638.0,0.0,0.0,0.0,0.0
1770776032000.0,2.088,2.088,2.088,2.088,22.0,4594.0,0.0,0.0,0.0,0.0
1770776038000.0,2.088,2.088,2.088,2.088,1.0,209.0,0.0,0.0,0.0,0.0
1770776041000.0,2.088,2.088,2.088,2.088,5410.0,1129623.0,0.0,0.0,0.0,0.0
1770776044000.0,2.088,2.088,2.086,2.086,1839.0,383807.0000000298,0.0,0.0,0.0,0.0
1770776047000.0,2.086,2.086,2.085,2.085,39.0,8138.999999970198,0.0,0.0,0.0,0.0
1770776050000.0,2.085,2.086,2.085,2.086,4.0,834.0000000298023,0.0,0.0,0.0,0.0
1770776056000.0,2.086,2.086,2.086,2.086,42.0,8760.999999970198,0.0,0.0,0.0,0.0
1770776059000.0,2.086,2.087,2.086,2.087,796.0,166125.0000000298,0.0,0.0,0.0,0.0
1770776062000.0,2.087,2.087,2.086,2.086,35.0,7300.999999970198,0.0,0.0,0.0,0.0
1770776065000.0,2.086,2.087,2.086,2.087,13.0,2714.0,0.0,0.0,0.0,0.0
1770776068000.0,2.087,2.087,2.087,2.087,51.0,10643.0,0.0,0.0,0.0,0.0
1770776077000.0,2.087,2.089,2.087,2.089,2052.0,428662.0,0.0,0.0,0.0,0.0
1770776080000.0,2.089,2.089,2.088,2.088,1510.0,315288.0,0.0,0.0,0.0,0.0
1770776083000.0,2.088,2.089,2.088,2.089,19.0,3966.0,0.0,0.0,0.0,0.0
1770776086000.0,2.089,2.089,2.088,2.088,55.0,11486.0,0.0,0.0,0.0,0.0
1770776089000.0,2.088,2.088,2.088,2.088,5.0,1044.0,0.0,0.0,0.0,0.0
1770776095000.0,2.088,2.088,2.088,2.088,35.0,7308.0,0.0,0.0,0.0,0.0
1770776098000.0,2.088,2.088,2.088,2.088,171.0,35705.0,0.0,0.0,0.0,0.0
1770776104000.0,2.088,2.088,2.088,2.088,119.0,24847.0,0.0,0.0,0.0,0.0
1770776107000.0,2.088,2.088,2.088,2.088,49.0,10231.000000029802,0.0,0.0,0.0,0.0
1770776113000.0,2.088,2.088,2.087,2.087,445.0,92872.9999999702,0.0,0.0,0.0,0.0
1770776116000.0,2.087,2.088,2.087,2.088,10.0,2088.0,0.0,0.0,0.0,0.0
1770776119000.0,2.088,2.088,2.086,2.086,99.0,20651.0,0.0,0.0,0.0,0.0
1770776122000.0,2.086,2.086,2.086,2.086,387.0,80729.0,0.0,0.0,0.0,0.0
1770776125000.0,2.086,2.086,2.086,2.086,209.0,43597.0000000298,0.0,0.0,0.0,0.0
1770776128000.0,2.086,2.086,2.085,2.085,496.0,103416.9999999702,0.0,0.0,0.0,0.0
1770776131000.0,2.085,2.085,2.084,2.084,306.0,63771.0,0.0,0.0,0.0,0.0
1770776134000.0,2.084,2.084,2.084,2.084,300.0,62520.0,0.0,0.0,0.0,0.0
1770776137000.0,2.084,2.084,2.083,2.083,1721.0,358484.0000000298,0.0,0.0,0.0,0.0
1770776140000.0,2.083,2.083,2.083,2.083,51.0,10629.0,0.0,0.0,0.0,0.0
1770776143000.0,2.083,2.083,2.082,2.082,284.0,59128.0,0.0,0.0,0.0,0.0
1770776146000.0,2.082,2.082,2.082,2.082,27.0,5620.999999970198,0.0,0.0,0.0,0.0
1770776152000.0,2.082,2.082,2.082,2.082,68.0,14156.999999970198,0.0,0.0,0.0,0.0
1770776164000.0,2.082,2.082,2.082,2.082,129.0,26859.000000029802,0.0,0.0,0.0,0.0
1770776167000.0,2.082,2.082,2.082,2.082,2.0,416.0000000298023,0.0,0.0,0.0,0.0
1770776170000.0,2.082,2.082,2.082,2.082,3.0,624.9999999701977,0.0,0.0,0.0,0.0
1770776173000.0,2.082,2.083,2.082,2.083,1069.0,222666.0000000298,0.0,0.0,0.0,0.0
1770776176000.0,2.083,2.083,2.083,2.083,50.0,10414.999999970198,0.0,0.0,0.0,0.0
1770776182000.0,2.083,2.084,2.083,2.084,5.0,1042.0,0.0,0.0,0.0,0.0
1770776185000.0,2.084,2.084,2.083,2.083,229.0,47702.0,0.0,0.0,0.0,0.0
1770776188000.0,2.083,2.084,2.083,2.084,20.0,4168.0,0.0,0.0,0.0,0.0
1770776191000.0,2.084,2.084,2.084,2.084,16.0,3335.0,0.0,0.0,0.0,0.0
1770776194000.0,2.084,2.084,2.084,2.084,320.0,66688.0,0.0,0.0,0.0,0.0
1770776197000.0,2.084,2.084,2.084,2.084,156.0,32510.0,0.0,0.0,0.0,0.0
1770776200000.0,2.084,2.084,2.084,2.084,10.0,2084.0,0.0,0.0,0.0,0.0
1770776203000.0,2.084,2.084,2.082,2.082,92.0,19154.0,0.0,0.0,0.0,0.0
1770776206000.0,2.082,2.083,2.082,2.083,84.0,17500.000000029802,0.0,0.0,0.0,0.0
1770776209000.0,2.083,2.083,2.083,2.083,3714.0,773625.9999999702,0.0,0.0,0.0,0.0
1770776212000.0,2.083,2.084,2.083,2.084,1.0,209.0,0.0,0.0,0.0,0.0
1770776215000.0,2.084,2.084,2.084,2.084,702.0,146231.0000000298,0.0,0.0,0.0,0.0
1770776218000.0,2.084,2.084,2.083,2.083,1035.0,215590.9999999702,0.0,0.0,0.0,0.0
1770776221000.0,2.083,2.083,2.083,2.083,100.0,20830.0,0.0,0.0,0.0,0.0
1770776227000.0,2.083,2.083,2.083,2.083,271.0,56456.0000000298,0.0,0.0,0.0,0.0
1770776236000.0,2.083,2.083,2.083,2.083,4281.0,891732.9999999404,0.0,0.0,0.0,0.0
1770776242000.0,2.083,2.083,2.083,2.083,5.0,1043.0000000596046,0.0,0.0,0.0,0.0
1770776245000.0,2.083,2.083,2.082,2.082,2626.0,546732.9999999702,0.0,0.0,0.0,0.0
1770776248000.0,2.082,2.083,2.082,2.083,21.0,4374.0,0.0,0.0,0.0,0.0
1770776251000.0,2.083,2.083,2.083,2.083,363.0,75577.0,0.0,0.0,0.0,0.0
1770776257000.0,2.083,2.083,2.082,2.082,1632.0,339783.0,0.0,0.0,0.0,0.0
1770776260000.0,2.082,2.082,2.082,2.082,1278.0,266079.0,0.0,0.0,0.0,0.0
1770776263000.0,2.082,2.082,2.082,2.082,2090.0,435138.0,0.0,0.0,0.0,0.0
1770776269000.0,2.082,2.082,2.082,2.082,6.0,1249.0,0.0,0.0,0.0,0.0
1770776272000.0,2.082,2.082,2.082,2.082,1500.0,312300.0000000298,0.0,0.0,0.0,0.0
1770776284000.0,2.082,2.082,2.082,2.082,105.0,21861.0,0.0,0.0,0.0,0.0
1770776287000.0,2.082,2.083,2.082,2.083,2.0,416.9999999701977,0.0,0.0,0.0,0.0
1770776296000.0,2.083,2.083,2.082,2.082,20.0,4164.0,0.0,0.0,0.0,0.0
1770776299000.0,2.082,2.082,2.082,2.082,80.0,16656.0,0.0,0.0,0.0,0.0
1770776302000.0,2.082,2.082,2.082,2.082,50.0,10410.0,0.0,0.0,0.0,0.0
1770776305000.0,2.082,2.083,2.082,2.083,6.0,1250.0000000298023,0.0,0.0,0.0,0.0
1770776311000.0,2.083,2.083,2.083,2.083,135.0,28119.999999970198,0.0,0.0,0.0,0.0
1770776320000.0,2.083,2.083,2.083,2.083,266.0,55408.0,0.0,0.0,0.0,0.0
1770776323000.0,2.083,2.083,2.082,2.082,17.0,3539.9999999701977,0.0,0.0,0.0,0.0
1770776329000.0,2.082,2.082,2.082,2.082,144.0,29982.000000029802,0.0,0.0,0.0,0.0
1770776332000.0,2.082,2.083,2.082,2.083,1.0,208.0,0.0,0.0,0.0,0.0
1770776341000.0,2.083,2.084,2.083,2.084,1658.0,345511.0,0.0,0.0,0.0,0.0
1770776347000.0,2.084,2.084,2.084,2.084,72.0,15004.0,0.0,0.0,0.0,0.0
1770776350000.0,2.084,2.085,2.084,2.085,17095.0,3562916.0,0.0,0.0,0.0,0.0
1770776359000.0,2.085,2.085,2.085,2.085,100.0,20850.0,0.0,0.0,0.0,0.0
1770776365000.0,2.085,2.086,2.085,2.086,1.0,208.0,0.0,0.0,0.0,0.0
1770776371000.0,2.086,2.088,2.086,2.088,602.0,125673.0,0.0,0.0,0.0,0.0
1770776374000.0,2.088,2.088,2.086,2.086,11.0,2295.0,0.0,0.0,0.0,0.0
1770776377000.0,2.086,2.086,2.086,2.086,1.0,208.0,0.0,0.0,0.0,0.0
1770776383000.0,2.086,2.086,2.086,2.086,41.0,8553.000000029802,0.0,0.0,0.0,0.0
1770776386000.0,2.086,2.087,2.086,2.087,3.0,625.9999999701977,0.0,0.0,0.0,0.0
1770776392000.0,2.087,2.087,2.087,2.087,13.0,2713.0,0.0,0.0,0.0,0.0
1770776395000.0,2.087,2.087,2.087,2.087,3.0,626.0,0.0,0.0,0.0,0.0
1770776404000.0,2.087,2.088,2.087,2.088,65.0,13571.0,0.0,0.0,0.0,0.0
1770776407000.0,2.088,2.088,2.088,2.088,520.0,108576.0,0.0,0.0,0.0,0.0
1770776413000.0,2.088,2.088,2.088,2.088,201.0,41969.0,0.0,0.0,0.0,0.0
1770776416000.0,2.088,2.088,2.088,2.088,10.0,2088.0,0.0,0.0,0.0,0.0
1770776422000.0,2.088,2.089,2.088,2.089,524.0,109418.0,0.0,0.0,0.0,0.0
1770776431000.0,2.089,2.089,2.088,2.088,100.0,20880.0,0.0,0.0,0.0,0.0
1770776434000.0,2.088,2.091,2.088,2.091,5925.0,1238362.0,0.0,0.0,0.0,0.0
1770776437000.0,2.091,2.091,2.09,2.09,78.0,16295.999999970198,0.0,0.0,0.0,0.0
1770776440000.0,2.09,2.09,2.09,2.09,2.0,419.00000005960464,0.0,0.0,0.0,0.0
1770776443000.0,2.09,2.091,2.09,2.091,186.0,38890.9999999702,0.0,0.0,0.0,0.0
1770776446000.0,2.091,2.094,2.091,2.094,6954.0,1455731.0,0.0,0.0,0.0,0.0
1770776449000.0,2.094,2.095,2.094,2.095,24574.0,5146090.0,0.0,0.0,0.0,0.0
1770776452000.0,2.095,2.095,2.094,2.094,407.0,85230.0,0.0,0.0,0.0,0.0
1770776455000.0,2.094,2.095,2.094,2.095,55.0,11528.0,0.0,0.0,0.0,0.0
1770776458000.0,2.095,2.096,2.095,2.096,10.0,2095.0000000298023,0.0,0.0,0.0,0.0
1770776461000.0,2.096,2.096,2.095,2.095,629.0,131797.9999999702,0.0,0.0,0.0,0.0
1770776464000.0,2.095,2.096,2.095,2.096,51.0,10689.000000029802,0.0,0.0,0.0,0.0
1770776467000.0,2.096,2.096,2.096,2.096,52.0,10905.0,0.0,0.0,0.0,0.0
1770776470000.0,2.096,2.097,2.096,2.097,92.0,19291.999999970198,0.0,0.0,0.0,0.0
1770776473000.0,2.097,2.097,2.096,2.096,3365.0,705655.0,0.0,0.0,0.0,0.0
1770776479000.0,2.096,2.098,2.096,2.098,4818.0,1010816.0,0.0,0.0,0.0,0.0
1770776482000.0,2.098,2.098,2.097,2.097,194.0,40690.0,0.0,0.0,0.0,0.0
1770776488000.0,2.097,2.097,2.097,2.097,460.0,96462.0,0.0,0.0,0.0,0.0
1770776491000.0,2.097,2.098,2.097,2.098,40.0,8392.0,0.0,0.0,0.0,0.0
1770776494000.0,2.098,2.098,2.098,2.098,642.0,134692.0,0.0,0.0,0.0,0.0
1770776497000.0,2.098,2.098,2.097,2.097,2031.0,425925.0,0.0,0.0,0.0,0.0
1770776500000.0,2.097,2.097,2.097,2.097,40.0,8389.0,0.0,0.0,0.0,0.0
1770776503000.0,2.097,2.098,2.097,2.098,126.0,26435.0,0.0,0.0,0.0,0.0
1770776509000.0,2.098,2.098,2.098,2.098,36.0,7552.0,0.0,0.0,0.0,0.0
1770776518000.0,2.098,2.098,2.098,2.098,70.0,14688.000000029802,0.0,0.0,0.0,0.0
1770776521000.0,2.098,2.098,2.098,2.098,2.0,418.9999999701977,0.0,0.0,0.0,0.0
1770776524000.0,2.098,2.099,2.098,2.099,5066.0,1063354.0,0.0,0.0,0.0,0.0
1770776527000.0,2.099,2.099,2.099,2.099,5024.0,1054535.0,0.0,0.0,0.0,0.0
1770776530000.0,2.099,2.099,2.099,2.099,120.0,25188.0,0.0,0.0,0.0,0.0
1770776533000.0,2.099,2.099,2.098,2.098,107.0,22449.0,0.0,0.0,0.0,0.0
1770776545000.0,2.098,2.098,2.098,2.098,2.0,420.0,0.0,0.0,0.0,0.0
1770776548000.0,2.098,2.098,2.098,2.098,17.0,3566.0,0.0,0.0,0.0,0.0
1770776551000.0,2.098,2.1,2.098,2.1,672.0,141086.0,0.0,0.0,0.0,0.0
1770776554000.0,2.1,2.1,2.098,2.098,380.0,79724.0,0.0,0.0,0.0,0.0
1770776560000.0,2.098,2.1,2.098,2.1,1.0,210.0,0.0,0.0,0.0,0.0
1770776566000.0,2.1,2.1,2.099,2.099,21.0,4410.000000029802,0.0,0.0,0.0,0.0
1770776569000.0,2.099,2.1,2.099,2.1,2960.0,621599.9999999702,0.0,0.0,0.0,0.0
1770776572000.0,2.1,2.101,2.1,2.101,484.0,101688.0,0.0,0.0,0.0,0.0
1770776575000.0,2.101,2.101,2.101,2.101,1134.0,238252.0,0.0,0.0,0.0,0.0
1770776578000.0,2.101,2.104,2.101,2.104,2401.0,505059.0,0.0,0.0,0.0,0.0
1770776581000.0,2.104,2.105,2.104,2.105,1145.0,241082.0,0.0,0.0,0.0,0.0
1770776584000.0,2.105,2.105,2.105,2.105,97.0,20423.0,0.0,0.0,0.0,0.0
1770776587000.0,2.105,2.105,2.105,2.105,3.0,632.0,0.0,0.0,0.0,0.0
1770776590000.0,2.105,2.105,2.104,2.104,944.0,198619.0000000298,0.0,0.0,0.0,0.0
1770776593000.0,2.104,2.104,2.104,2.104,1091.0,229544.9999999702,0.0,0.0,0.0,0.0
1770776602000.0,2.104,2.104,2.104,2.104,25.0,5260.0,0.0,0.0,0.0,0.0
1770776605000.0,2.104,2.104,2.104,2.104,31.0,6522.0,0.0,0.0,0.0,0.0
1770776608000.0,2.104,2.104,2.103,2.103,2.0,421.0,0.0,0.0,0.0,0.0
1770776611000.0,2.103,2.103,2.103,2.103,49.0,10307.0,0.0,0.0,0.0,0.0
1770776614000.0,2.103,2.104,2.103,2.104,1.0,210.0,0.0,0.0,0.0,0.0
1770776617000.0,2.104,2.104,2.104,2.104,62.0,13045.000000029802,0.0,0.0,0.0,0.0
1770776620000.0,2.104,2.105,2.104,2.105,27.0,5679.999999940395,0.0,0.0,0.0,0.0
1770776623000.0,2.105,2.105,2.104,2.104,80.0,16833.000000029802,0.0,0.0,0.0,0.0
1770776626000.0,2.104,2.105,2.104,2.105,6655.0,1400878.0,0.0,0.0,0.0,0.0
1770776629000.0,2.105,2.105,2.105,2.105,3349.0,704964.0,0.0,0.0,0.0,0.0
1770776632000.0,2.105,2.105,2.104,2.104,229.0,48203.0,0.0,0.0,0.0,0.0
1770776635000.0,2.104,2.104,2.104,2.104,92.0,19365.000000029802,0.0,0.0,0.0,0.0
1770776638000.0,2.104,2.105,2.104,2.105,128.0,26931.999999970198,0.0,0.0,0.0,0.0
1770776641000.0,2.105,2.105,2.104,2.104,736.0,154855.0,0.0,0.0,0.0,0.0
1770776644000.0,2.104,2.104,2.104,2.104,1.0,210.00000002980232,0.0,0.0,0.0,0.0
1770776647000.0,2.104,2.105,2.104,2.105,346.0,72807.9999999702,0.0,0.0,0.0,0.0
1770776650000.0,2.105,2.105,2.104,2.104,201.0,42290.0,0.0,0.0,0.0,0.0
1770776653000.0,2.104,2.105,2.104,2.105,52.0,10945.0,0.0,0.0,0.0,0.0
1770776656000.0,2.105,2.105,2.105,2.105,651.0,136999.0000000298,0.0,0.0,0.0,0.0
1770776659000.0,2.105,2.106,2.105,2.106,353.0,74369.9999999702,0.0,0.0,0.0,0.0
1770776662000.0,2.106,2.106,2.106,2.106,37.0,7790.0,0.0,0.0,0.0,0.0
1770776665000.0,2.106,2.108,2.106,2.108,60.0,12648.0,0.0,0.0,0.0,0.0
1770776668000.0,2.108,2.108,2.106,2.106,115.0,24235.0,0.0,0.0,0.0,0.0
1770776671000.0,2.106,2.108,2.106,2.108,299.0,63026.0,0.0,0.0,0.0,0.0
1770776674000.0,2.108,2.108,2.106,2.106,4.0,843.0,0.0,0.0,0.0,0.0
1770776677000.0,2.106,2.108,2.106,2.108,264.0,55651.0,0.0,0.0,0.0,0.0
1770776680000.0,2.108,2.109,2.108,2.109,169.0,35626.0,0.0,0.0,0.0,0.0
1770776683000.0,2.109,2.109,2.109,2.109,417.0,87944.0,0.0,0.0,0.0,0.0
1770776689000.0,2.109,2.11,2.109,2.11,26.0,5486.0,0.0,0.0,0.0,0.0
1770776692000.0,2.11,2.11,2.109,2.109,220.0,46414.0,0.0,0.0,0.0,0.0
1770776695000.0,2.109,2.11,2.109,2.11,1533.0,323463.0,0.0,0.0,0.0,0.0
1770776698000.0,2.11,2.11,2.11,2.11,3.0,633.0000000298023,0.0,0.0,0.0,0.0
1770776701000.0,2.11,2.111,2.11,2.111,201.0,42429.999999940395,0.0,0.0,0.0,0.0
1770776704000.0,2.111,2.111,2.111,2.111,213.0,44973.000000059605,0.0,0.0,0.0,0.0
1770776707000.0,2.111,2.111,2.111,2.111,1234.0,260547.9999999702,0.0,0.0,0.0,0.0
1770776710000.0,2.111,2.111,2.111,2.111,1033.0,218066.0,0.0,0.0,0.0,0.0
1770776713000.0,2.111,2.111,2.109,2.109,2681.0,565439.0,0.0,0.0,0.0,0.0
1770776716000.0,2.109,2.109,2.109,2.109,49.0,10334.0,0.0,0.0,0.0,0.0
1770776719000.0,2.109,2.109,2.109,2.109,134.0,28260.0,0.0,0.0,0.0,0.0
1770776722000.0,2.109,2.109,2.109,2.109,25.0,5273.0,0.0,0.0,0.0,0.0
1770776725000.0,2.109,2.109,2.109,2.109,50.0,10545.0,0.0,0.0,0.0,0.0
1770776728000.0,2.109,2.109,2.109,2.109,115.0,24253.000000029802,0.0,0.0,0.0,0.0
1770776731000.0,2.109,2.109,2.109,2.109,16.0,3375.0,0.0,0.0,0.0,0.0
1770776734000.0,2.109,2.109,2.109,2.109,41.0,8648.999999970198,0.0,0.0,0.0,0.0
1770776737000.0,2.109,2.11,2.109,2.11,188.0,39657.0,0.0,0.0,0.0,0.0
1770776740000.0,2.11,2.11,2.11,2.11,163.0,34393.0,0.0,0.0,0.0,0.0
1770776743000.0,2.11,2.11,2.11,2.11,74.0,15614.000000029802,0.0,0.0,0.0,0.0
1770776746000.0,2.11,2.11,2.11,2.11,140.0,29539.999999970198,0.0,0.0,0.0,0.0
1770776749000.0,2.11,2.11,2.11,2.11,675.0,142427.0,0.0,0.0,0.0,0.0
1770776752000.0,2.11,2.11,2.11,2.11,1.0,211.0,0.0,0.0,0.0,0.0
1770776755000.0,2.11,2.11,2.109,2.109,202.0,42602.0,0.0,0.0,0.0,0.0
1770776758000.0,2.109,2.11,2.109,2.11,4972.0,1049092.0000000298,0.0,0.0,0.0,0.0
1770776761000.0,2.11,2.11,2.11,2.11,4376.0,923335.9999999702,0.0,0.0,0.0,0.0
1770776764000.0,2.11,2.11,2.11,2.11,992.0,209312.0,0.0,0.0,0.0,0.0
1770776767000.0,2.11,2.111,2.11,2.111,140.0,29551.0,0.0,0.0,0.0,0.0
1770776770000.0,2.111,2.112,2.111,2.112,584.0,123341.0,0.0,0.0,0.0,0.0
1770776773000.0,2.112,2.112,2.112,2.112,67.0,14151.000000029802,0.0,0.0,0.0,0.0
1770776776000.0,2.112,2.113,2.112,2.113,683.0,144311.9999999702,0.0,0.0,0.0,0.0
1770776779000.0,2.113,2.114,2.113,2.114,409.0,86446.0,0.0,0.0,0.0,0.0
1770776782000.0,2.114,2.115,2.114,2.115,103.0,21782.0,0.0,0.0,0.0,0.0
1770776785000.0,2.115,2.116,2.115,2.116,543.0,114871.0,0.0,0.0,0.0,0.0
1770776788000.0,2.116,2.116,2.116,2.116,590.0,124842.0,0.0,0.0,0.0,0.0
1770776791000.0,2.116,2.116,2.115,2.115,316.0,66846.0,0.0,0.0,0.0,0.0
1770776794000.0,2.115,2.115,2.115,2.115,177.0,37436.0000000298,0.0,0.0,0.0,0.0
1770776797000.0,2.115,2.116,2.115,2.116,126.0,26658.0,0.0,0.0,0.0,0.0
1770776800000.0,2.116,2.116,2.115,2.115,99.0,20940.999999970198,0.0,0.0,0.0,0.0
1770776803000.0,2.115,2.116,2.115,2.116,32.0,6771.0,0.0,0.0,0.0,0.0
1770776806000.0,2.116,2.117,2.116,2.117,40.0,8468.0,0.0,0.0,0.0,0.0
1770776809000.0,2.117,2.117,2.117,2.117,92.0,19474.0,0.0,0.0,0.0,0.0
1770776812000.0,2.117,2.117,2.115,2.115,30.0,6349.0,0.0,0.0,0.0,0.0
1770776815000.0,2.115,2.116,2.115,2.116,2001.0,423412.0,0.0,0.0,0.0,0.0
1770776818000.0,2.116,2.117,2.116,2.117,3342.0,707501.0,0.0,0.0,0.0,0.0
1770776821000.0,2.117,2.117,2.117,2.117,4058.0,859098.0,0.0,0.0,0.0,0.0
1770776824000.0,2.117,2.117,2.117,2.117,130.0,27521.0,0.0,0.0,0.0,0.0
1770776827000.0,2.117,2.117,2.117,2.117,92.0,19471.0,0.0,0.0,0.0,0.0
1770776830000.0,2.117,2.117,2.116,2.116,31.0,6560.0,0.0,0.0,0.0,0.0
1770776833000.0,2.116,2.117,2.116,2.117,231.0,48903.0,0.0,0.0,0.0,0.0
1770776836000.0,2.117,2.117,2.117,2.117,807.0,170840.0,0.0,0.0,0.0,0.0
1770776839000.0,2.117,2.117,2.117,2.117,8.0,1694.0,0.0,0.0,0.0,0.0
1770776842000.0,2.117,2.117,2.117,2.117,404.0,85527.0,0.0,0.0,0.0,0.0
1770776845000.0,2.117,2.117,2.115,2.115,4678.0,989930.0,0.0,0.0,0.0,0.0
1770776848000.0,2.115,2.115,2.113,2.113,8596.0,1817294.0,0.0,0.0,0.0,0.0
1770776851000.0,2.113,2.113,2.112,2.112,5952.0,1257442.0,0.0,0.0,0.0,0.0
1770776854000.0,2.112,2.112,2.111,2.111,16631.0,3514121.0,0.0,0.0,0.0,0.0
1770776857000.0,2.111,2.112,2.111,2.112,50.0,10560.0,0.0,0.0,0.0,0.0
1770776860000.0,2.112,2.112,2.111,2.111,373.0,78758.0,0.0,0.0,0.0,0.0
1770776863000.0,2.111,2.111,2.111,2.111,1008.0,212890.0,0.0,0.0,0.0,0.0
1770776866000.0,2.111,2.111,2.111,2.111,53.0,11188.0,0.0,0.0,0.0,0.0
1770776869000.0,2.111,2.112,2.111,2.112,887.0,187334.0,0.0,0.0,0.0,0.0
1770776872000.0,2.112,2.112,2.112,2.112,227.0,47943.0,0.0,0.0,0.0,0.0
1770776875000.0,2.112,2.112,2.112,2.112,10.0,2112.0,0.0,0.0,0.0,0.0
1770776878000.0,2.112,2.114,2.112,2.114,222.0,46901.0,0.0,0.0,0.0,0.0
1770776881000.0,2.114,2.114,2.112,2.112,200.0,42240.0000000298,0.0,0.0,0.0,0.0
1770776884000.0,2.112,2.112,2.112,2.112,23.0,4857.0,0.0,0.0,0.0,0.0
1770776887000.0,2.112,2.112,2.112,2.112,3.0,633.9999999701977,0.0,0.0,0.0,0.0
1770776890000.0,2.112,2.114,2.112,2.114,16.0,3382.0,0.0,0.0,0.0,0.0
1770776893000.0,2.114,2.114,2.114,2.114,76.0,16064.0,0.0,0.0,0.0,0.0
1770776896000.0,2.114,2.114,2.113,2.113,5.0,1057.0,0.0,0.0,0.0,0.0
1770776899000.0,2.113,2.113,2.113,2.113,2.0,422.0000000298023,0.0,0.0,0.0,0.0
1770776902000.0,2.113,2.113,2.113,2.113,21.0,4436.999999970198,0.0,0.0,0.0,0.0
1770776908000.0,2.113,2.113,2.113,2.113,5.0,1057.0,0.0,0.0,0.0,0.0
1770776911000.0,2.113,2.113,2.113,2.113,93.0,19651.000000029802,0.0,0.0,0.0,0.0
1770776914000.0,2.113,2.113,2.113,2.113,132.0,27892.0,0.0,0.0,0.0,0.0
1770776917000.0,2.113,2.113,2.113,2.113,48.0,10141.999999970198,0.0,0.0,0.0,0.0
1770776920000.0,2.113,2.113,2.113,2.113,118.0,24939.0,0.0,0.0,0.0,0.0
1770776923000.0,2.113,2.113,2.113,2.113,280.0,59175.0,0.0,0.0,0.0,0.0
1770776926000.0,2.113,2.113,2.113,2.113,62.0,13101.000000029802,0.0,0.0,0.0,0.0
1770776932000.0,2.113,2.114,2.113,2.114,484.0,102315.9999999702,0.0,0.0,0.0,0.0
1770776935000.0,2.114,2.114,2.113,2.113,43.0,9086.0,0.0,0.0,0.0,0.0
1770776938000.0,2.113,2.113,2.113,2.113,26.0,5494.0,0.0,0.0,0.0,0.0
1770776941000.0,2.113,2.114,2.113,2.114,1526.0,322596.0,0.0,0.0,0.0,0.0
1770776944000.0,2.114,2.114,2.114,2.114,128.0,27059.000000029802,0.0,0.0,0.0,0.0
1770776947000.0,2.114,2.114,2.114,2.114,7.0,1479.9999999701977,0.0,0.0,0.0,0.0
1770776950000.0,2.114,2.114,2.114,2.114,5219.0,1103797.0,0.0,0.0,0.0,0.0
1770776953000.0,2.114,2.114,2.114,2.114,17.0,3594.0,0.0,0.0,0.0,0.0
1770776956000.0,2.114,2.114,2.114,2.114,52.0,10993.0,0.0,0.0,0.0,0.0
1770776959000.0,2.114,2.114,2.114,2.114,116.0,24529.0,0.0,0.0,0.0,0.0
1770776962000.0,2.114,2.114,2.114,2.114,41.0,8668.000000029802,0.0,0.0,0.0,0.0
1770776965000.0,2.114,2.114,2.114,2.114,114.0,24099.999999940395,0.0,0.0,0.0,0.0
1770776971000.0,2.114,2.115,2.114,2.115,586.0,123887.0000000298,0.0,0.0,0.0,0.0
1770776974000.0,2.115,2.115,2.114,2.114,11.0,2325.0,0.0,0.0,0.0,0.0
1770776977000.0,2.114,2.114,2.114,2.114,147.0,31076.0,0.0,0.0,0.0,0.0
1770776980000.0,2.114,2.114,2.114,2.114,7127.0,1507360.0,0.0,0.0,0.0,0.0
1770776983000.0,2.114,2.114,2.114,2.114,2423.0,512460.0,0.0,0.0,0.0,0.0
1770776986000.0,2.114,2.114,2.114,2.114,2.0,423.0,0.0,0.0,0.0,0.0
1770776989000.0,2.114,2.114,2.114,2.114,1962.0,414767.0,0.0,0.0,0.0,0.0
1770776992000.0,2.114,2.114,2.113,2.113,844.0,178337.0,0.0,0.0,0.0,0.0
1770776995000.0,2.113,2.113,2.113,2.113,144.0,30427.000000029802,0.0,0.0,0.0,0.0
1770776998000.0,2.113,2.113,2.111,2.111,1606.0,339027.9999999702,0.0,0.0,0.0,0.0
1770777001000.0,2.111,2.111,2.111,2.111,645.0,136160.0,0.0,0.0,0.0,0.0
1770777004000.0,2.111,2.111,2.11,2.11,162.0,34182.0,0.0,0.0,0.0,0.0
1770777007000.0,2.11,2.11,2.109,2.109,25.0,5273.0,0.0,0.0,0.0,0.0
1770777010000.0,2.109,2.113,2.109,2.113,2738.0,578259.0,0.0,0.0,0.0,0.0
1770777013000.0,2.113,2.113,2.113,2.113,88.0,18594.000000029802,0.0,0.0,0.0,0.0
1770777016000.0,2.113,2.115,2.113,2.115,2732.0,577700.9999999702,0.0,0.0,0.0,0.0
1770777019000.0,2.115,2.115,2.113,2.113,155.0,32752.0,0.0,0.0,0.0,0.0
1770777022000.0,2.113,2.113,2.113,2.113,13.0,2746.0000000298023,0.0,0.0,0.0,0.0
1770777025000.0,2.113,2.113,2.113,2.113,1.0,211.99999997019768,0.0,0.0,0.0,0.0
1770777031000.0,2.113,2.114,2.113,2.114,14.0,2959.0000000298023,0.0,0.0,0.0,0.0
1770777034000.0,2.114,2.114,2.114,2.114,9595.0,2028462.0,0.0,0.0,0.0,0.0
1770777037000.0,2.114,2.114,2.114,2.114,20.0,4227.999999970198,0.0,0.0,0.0,0.0
1770777040000.0,2.114,2.115,2.114,2.115,2893.0,611869.0,0.0,0.0,0.0,0.0
1770777046000.0,2.115,2.116,2.115,2.116,1039.0,219780.0,0.0,0.0,0.0,0.0
1770777049000.0,2.116,2.116,2.116,2.116,91.0,19256.000000029802,0.0,0.0,0.0,0.0
1770777052000.0,2.116,2.116,2.116,2.116,465.0,98393.9999999702,0.0,0.0,0.0,0.0
1770777055000.0,2.116,2.116,2.116,2.116,3866.0,818045.0,0.0,0.0,0.0,0.0
1770777058000.0,2.116,2.116,2.116,2.116,15.0,3174.0,0.0,0.0,0.0,0.0
1770777064000.0,2.116,2.116,2.114,2.114,647.0,136778.0,0.0,0.0,0.0,0.0
1770777067000.0,2.114,2.114,2.113,2.113,217.0,45852.0,0.0,0.0,0.0,0.0
1770777070000.0,2.113,2.114,2.113,2.114,2615.0,552811.0,0.0,0.0,0.0,0.0
1770777073000.0,2.114,2.114,2.114,2.114,38.0,8034.0,0.0,0.0,0.0,0.0
1770777076000.0,2.114,2.114,2.114,2.114,1124.0,237613.0000000298,0.0,0.0,0.0,0.0
1770777079000.0,2.114,2.114,2.114,2.114,1036.0,219113.9999999702,0.0,0.0,0.0,0.0
1770777085000.0,2.114,2.114,2.114,2.114,84.0,17758.0,0.0,0.0,0.0,0.0
1770777088000.0,2.114,2.114,2.114,2.114,136.0,28750.0,0.0,0.0,0.0,0.0
1770777091000.0,2.114,2.115,2.114,2.115,30.0,6345.0,0.0,0.0,0.0,0.0
1770777094000.0,2.115,2.115,2.114,2.114,51.0,10782.0,0.0,0.0,0.0,0.0
1770777097000.0,2.114,2.115,2.114,2.115,5.0,1057.0,0.0,0.0,0.0,0.0
1770777100000.0,2.115,2.115,2.114,2.114,132.0,27905.0,0.0,0.0,0.0,0.0
1770777103000.0,2.114,2.114,2.113,2.113,2445.0,516628.0,0.0,0.0,0.0,0.0
1770777109000.0,2.113,2.113,2.112,2.112,10.0,2112.0,0.0,0.0,0.0,0.0
1770777112000.0,2.112,2.112,2.11,2.11,704.0,148613.0,0.0,0.0,0.0,0.0
1770777118000.0,2.11,2.11,2.11,2.11,72.0,15192.000000029802,0.0,0.0,0.0,0.0
1770777121000.0,2.11,2.11,2.109,2.109,20.0,4217.999999970198,0.0,0.0,0.0,0.0
1770777124000.0,2.109,2.11,2.109,2.11,458.0,96638.0,0.0,0.0,0.0,0.0
1770777127000.0,2.11,2.11,2.11,2.11,6.0,1266.0,0.0,0.0,0.0,0.0
1770777130000.0,2.11,2.111,2.11,2.111,231.0,48758.0,0.0,0.0,0.0,0.0
1770777133000.0,2.111,2.113,2.111,2.113,1587.0,335334.0,0.0,0.0,0.0,0.0
1770777136000.0,2.113,2.113,2.113,2.113,3.0,633.0,0.0,0.0,0.0,0.0
1770777139000.0,2.113,2.113,2.113,2.113,54.0,11411.0,0.0,0.0,0.0,0.0
1770777148000.0,2.113,2.113,2.113,2.113,59.0,12466.0,0.0,0.0,0.0,0.0
1770777151000.0,2.113,2.114,2.113,2.114,169.0,35722.0000000298,0.0,0.0,0.0,0.0
1770777154000.0,2.114,2.114,2.114,2.114,16.0,3381.9999999701977,0.0,0.0,0.0,0.0
1770777163000.0,2.114,2.114,2.114,2.114,5.0,1057.0,0.0,0.0,0.0,0.0
1770777166000.0,2.114,2.114,2.114,2.114,1.0,212.0,0.0,0.0,0.0,0.0
1770777169000.0,2.114,2.114,2.114,2.114,679.0,143540.0,0.0,0.0,0.0,0.0
1770777172000.0,2.114,2.114,2.114,2.114,892.0,188569.0,0.0,0.0,0.0,0.0
1770777178000.0,2.114,2.114,2.114,2.114,52.0,10993.0,0.0,0.0,0.0,0.0
1770777181000.0,2.114,2.114,2.114,2.114,39.0,8245.0,0.0,0.0,0.0,0.0
1770777184000.0,2.114,2.114,2.114,2.114,4232.0,894650.0,0.0,0.0,0.0,0.0
1770777187000.0,2.114,2.114,2.114,2.114,8.0,1691.0,0.0,0.0,0.0,0.0
1770777190000.0,2.114,2.114,2.114,2.114,163.0,34458.0,0.0,0.0,0.0,0.0
1770777193000.0,2.114,2.114,2.113,2.113,4.0,846.0,0.0,0.0,0.0,0.0
1770777196000.0,2.113,2.113,2.113,2.113,10.0,2113.0000000298023,0.0,0.0,0.0,0.0
1770777199000.0,2.113,2.113,2.113,2.113,83.0,17538.0,0.0,0.0,0.0,0.0
1770777202000.0,2.113,2.113,2.113,2.113,2033.0,429572.0,0.0,0.0,0.0,0.0
1770777205000.0,2.113,2.113,2.113,2.113,513.0,108347.9999999702,0.0,0.0,0.0,0.0
1770777208000.0,2.113,2.113,2.113,2.113,2.0,423.0,0.0,0.0,0.0,0.0
1770777211000.0,2.113,2.113,2.113,2.113,1.0,211.0,0.0,0.0,0.0,0.0
1770777217000.0,2.113,2.113,2.111,2.111,11.0,2322.0,0.0,0.0,0.0,0.0
1770777220000.0,2.111,2.111,2.111,2.111,17.0,3589.0,0.0,0.0,0.0,0.0
1770777223000.0,2.111,2.112,2.111,2.112,33.0,6970.0,0.0,0.0,0.0,0.0
1770777226000.0,2.112,2.113,2.112,2.113,3111.0,657354.0,0.0,0.0,0.0,0.0
1770777235000.0,2.113,2.113,2.112,2.112,119.0,25133.0,0.0,0.0,0.0,0.0
1770777238000.0,2.112,2.113,2.112,2.113,5.0,1056.0,0.0,0.0,0.0,0.0
1770777241000.0,2.113,2.113,2.112,2.112,3.0,634.0,0.0,0.0,0.0,0.0
1770777244000.0,2.112,2.112,2.112,2.112,81.0,17113.0,0.0,0.0,0.0,0.0
1770777247000.0,2.112,2.113,2.112,2.113,2.0,423.0000000298023,0.0,0.0,0.0,0.0
1770777250000.0,2.113,2.113,2.111,2.111,2042.0,431100.9999999702,0.0,0.0,0.0,0.0
1770777253000.0,2.111,2.112,2.111,2.112,8.0,1689.0,0.0,0.0,0.0,0.0
1770777256000.0,2.112,2.112,2.112,2.112,12.0,2535.0,0.0,0.0,0.0,0.0
1770777262000.0,2.112,2.113,2.112,2.113,73.0,15425.000000029802,0.0,0.0,0.0,0.0
1770777265000.0,2.113,2.113,2.11,2.11,35.0,7384.999999970198,0.0,0.0,0.0,0.0
1770777274000.0,2.11,2.11,2.109,2.109,6127.0,1292192.0,0.0,0.0,0.0,0.0
1770777277000.0,2.109,2.11,2.109,2.11,1500.0,316500.0,0.0,0.0,0.0,0.0
1770777286000.0,2.11,2.11,2.11,2.11,68.0,14348.0,0.0,0.0,0.0,0.0
1770777289000.0,2.11,2.11,2.108,2.108,400.0,84398.0000000298,0.0,0.0,0.0,0.0
1770777292000.0,2.108,2.108,2.108,2.108,54.0,11382.999999970198,0.0,0.0,0.0,0.0
1770777298000.0,2.108,2.108,2.108,2.108,29.0,6114.0,0.0,0.0,0.0,0.0
1770777304000.0,2.108,2.108,2.108,2.108,51.0,10750.000000029802,0.0,0.0,0.0,0.0
1770777307000.0,2.108,2.108,2.108,2.108,6.0,1265.0,0.0,0.0,0.0,0.0
1770777313000.0,2.108,2.108,2.108,2.108,51.0,10750.999999970198,0.0,0.0,0.0,0.0
1770777316000.0,2.108,2.108,2.108,2.108,2.0,422.0000000298023,0.0,0.0,0.0,0.0
1770777319000.0,2.108,2.108,2.108,2.108,29.0,6112.999999970198,0.0,0.0,0.0,0.0
1770777322000.0,2.108,2.108,2.108,2.108,56.0,11805.0,0.0,0.0,0.0,0.0
1770777328000.0,2.108,2.108,2.108,2.108,1.0,211.00000002980232,0.0,0.0,0.0,0.0
1770777331000.0,2.108,2.108,2.108,2.108,16.0,3372.9999999701977,0.0,0.0,0.0,0.0
1770777334000.0,2.108,2.109,2.108,2.109,271.0,57149.0,0.0,0.0,0.0,0.0
1770777343000.0,2.109,2.109,2.108,2.108,568.0,119796.0,0.0,0.0,0.0,0.0
1770777355000.0,2.108,2.108,2.108,2.108,3.0,633.0,0.0,0.0,0.0,0.0
1770777361000.0,2.108,2.108,2.107,2.107,8.0,1686.0,0.0,0.0,0.0,0.0
1770777367000.0,2.107,2.107,2.107,2.107,65.0,13695.0,0.0,0.0,0.0,0.0
1770777370000.0,2.107,2.107,2.107,2.107,3.0,632.0,0.0,0.0,0.0,0.0
1770777373000.0,2.107,2.107,2.107,2.107,34.0,7164.000000029802,0.0,0.0,0.0,0.0
1770777385000.0,2.107,2.107,2.106,2.106,403.0,84871.9999999702,0.0,0.0,0.0,0.0
1770777388000.0,2.106,2.106,2.105,2.105,105.0,22112.0,0.0,0.0,0.0,0.0
1770777391000.0,2.105,2.105,2.105,2.105,20.0,4210.0,0.0,0.0,0.0,0.0
1770777394000.0,2.105,2.105,2.105,2.105,86.0,18112.0,0.0,0.0,0.0,0.0
1770777397000.0,2.105,2.105,2.105,2.105,22.0,4631.0,0.0,0.0,0.0,0.0
1770777400000.0,2.105,2.105,2.105,2.105,1478.0,311266.0,0.0,0.0,0.0,0.0
1770777403000.0,2.105,2.105,2.105,2.105,310.0,65255.0,0.0,0.0,0.0,0.0
1770777406000.0,2.105,2.105,2.105,2.105,46.0,9683.0,0.0,0.0,0.0,0.0
1770777409000.0,2.105,2.106,2.105,2.106,1.0,211.0,0.0,0.0,0.0,0.0
1770777412000.0,2.106,2.107,2.106,2.107,131.0,27594.0,0.0,0.0,0.0,0.0
1770777415000.0,2.107,2.107,2.105,2.105,36.0,7578.000000029802,0.0,0.0,0.0,0.0
1770777418000.0,2.105,2.105,2.105,2.105,44.0,9261.999999970198,0.0,0.0,0.0,0.0
1770777424000.0,2.105,2.105,2.105,2.105,45.0,9468.0,0.0,0.0,0.0,0.0
1770777430000.0,2.105,2.105,2.105,2.105,6.0,1263.0,0.0,0.0,0.0,0.0
1770777433000.0,2.105,2.105,2.105,2.105,354.0,74522.0,0.0,0.0,0.0,0.0
1770777436000.0,2.105,2.105,2.103,2.103,43.0,9043.0,0.0,0.0,0.0,0.0
1770777439000.0,2.103,2.104,2.103,2.104,86.0,18097.0,0.0,0.0,0.0,0.0
1770777448000.0,2.104,2.104,2.104,2.104,24.0,5050.0,0.0,0.0,0.0,0.0
1770777457000.0,2.104,2.104,2.104,2.104,42.0,8837.0,0.0,0.0,0.0,0.0
1770777460000.0,2.104,2.104,2.104,2.104,100.0,21040.0,0.0,0.0,0.0,0.0
1770777463000.0,2.104,2.104,2.104,2.104,159.0,33453.0,0.0,0.0,0.0,0.0
1770777469000.0,2.104,2.104,2.104,2.104,412.0,86685.0,0.0,0.0,0.0,0.0
1770777472000.0,2.104,2.104,2.103,2.103,29.0,6099.0,0.0,0.0,0.0,0.0
1770777475000.0,2.103,2.103,2.103,2.103,125.0,26287.0,0.0,0.0,0.0,0.0
1770777478000.0,2.103,2.103,2.103,2.103,6.0,1262.0,0.0,0.0,0.0,0.0
1770777481000.0,2.103,2.104,2.103,2.104,1098.0,231014.0,0.0,0.0,0.0,0.0
1770777487000.0,2.104,2.104,2.103,2.103,128.0,26918.0,0.0,0.0,0.0,0.0
1770777490000.0,2.103,2.103,2.103,2.103,5.0,1052.0000000298023,0.0,0.0,0.0,0.0
1770777502000.0,2.103,2.103,2.102,2.102,5.0,1050.9999999701977,0.0,0.0,0.0,0.0
1770777505000.0,2.102,2.103,2.102,2.103,1207.0,253754.0000000298,0.0,0.0,0.0,0.0
1770777508000.0,2.103,2.104,2.103,2.104,8590.0,1807284.9999999702,0.0,0.0,0.0,0.0
1770777514000.0,2.104,2.105,2.104,2.105,1500.0,315750.0,0.0,0.0,0.0,0.0
1770777520000.0,2.105,2.105,2.105,2.105,25.0,5262.000000029802,0.0,0.0,0.0,0.0
1770777526000.0,2.105,2.106,2.105,2.106,526.0,110775.9999999702,0.0,0.0,0.0,0.0
1770777529000.0,2.106,2.106,2.106,2.106,776.0,163426.0,0.0,0.0,0.0,0.0
1770777532000.0,2.106,2.106,2.106,2.106,468.0,98556.0,0.0,0.0,0.0,0.0
1770777535000.0,2.106,2.106,2.105,2.105,246.0,51783.0,0.0,0.0,0.0,0.0
1770777538000.0,2.105,2.106,2.105,2.106,573.0,120674.0,0.0,0.0,0.0,0.0
1770777541000.0,2.106,2.106,2.105,2.105,34.0,7157.0,0.0,0.0,0.0,0.0
1770777544000.0,2.105,2.106,2.105,2.106,112.0,23587.0,0.0,0.0,0.0,0.0
1770777547000.0,2.106,2.106,2.106,2.106,2.0,421.0,0.0,0.0,0.0,0.0
1770777550000.0,2.106,2.106,2.105,2.105,100.0,21051.0,0.0,0.0,0.0,0.0
1770777553000.0,2.105,2.106,2.105,2.106,1.0,210.0,0.0,0.0,0.0,0.0
1770777556000.0,2.106,2.106,2.105,2.105,1431.0,301226.0,0.0,0.0,0.0,0.0
1770777559000.0,2.105,2.105,2.104,2.104,5.0,1052.0,0.0,0.0,0.0,0.0
1770777562000.0,2.104,2.104,2.104,2.104,2001.0,421011.0,0.0,0.0,0.0,0.0
1770777565000.0,2.104,2.104,2.104,2.104,92.0,19356.0,0.0,0.0,0.0,0.0
1770777568000.0,2.104,2.104,2.104,2.104,47.0,9889.000000029802,0.0,0.0,0.0,0.0
1770777574000.0,2.104,2.104,2.102,2.102,44.0,9248.999999970198,0.0,0.0,0.0,0.0
1770777577000.0,2.102,2.104,2.102,2.104,100.0,21040.000000029802,0.0,0.0,0.0,0.0
1770777580000.0,2.104,2.104,2.102,2.102,432.0,90805.9999999702,0.0,0.0,0.0,0.0
1770777583000.0,2.102,2.103,2.102,2.103,54.0,11356.0,0.0,0.0,0.0,0.0
1770777586000.0,2.103,2.103,2.102,2.102,156.0,32792.0,0.0,0.0,0.0,0.0
1770777589000.0,2.102,2.102,2.102,2.102,3.0,630.0,0.0,0.0,0.0,0.0
1770777595000.0,2.102,2.102,2.101,2.101,75.0,15758.0,0.0,0.0,0.0,0.0
1770777598000.0,2.101,2.101,2.101,2.101,4.0,839.0,0.0,0.0,0.0,0.0
1770777604000.0,2.101,2.103,2.101,2.103,6299.0,1324226.0,0.0,0.0,0.0,0.0
1770777607000.0,2.103,2.103,2.101,2.101,80.0,16811.0,0.0,0.0,0.0,0.0
1770777610000.0,2.101,2.102,2.101,2.102,225.0,47295.0,0.0,0.0,0.0,0.0
1770777613000.0,2.102,2.102,2.102,2.102,1596.0,335790.0,0.0,0.0,0.0,0.0
1770777616000.0,2.102,2.102,2.102,2.102,2000.0,420408.0,0.0,0.0,0.0,0.0
1770777619000.0,2.102,2.104,2.102,2.104,32.0,6733.0,0.0,0.0,0.0,0.0
1770777622000.0,2.104,2.104,2.102,2.102,30.0,6306.0,0.0,0.0,0.0,0.0
1770777625000.0,2.102,2.102,2.102,2.102,81.0,17029.0,0.0,0.0,0.0,0.0
1770777634000.0,2.102,2.105,2.102,2.105,70.0,14728.0,0.0,0.0,0.0,0.0
1770777637000.0,2.105,2.105,2.103,2.103,362.0,76129.0,0.0,0.0,0.0,0.0
1770777640000.0,2.103,2.105,2.103,2.105,128.0,26944.0,0.0,0.0,0.0,0.0
1770777643000.0,2.105,2.105,2.103,2.103,101.0,21240.0,0.0,0.0,0.0,0.0
1770777649000.0,2.103,2.105,2.103,2.105,2.0,421.0,0.0,0.0,0.0,0.0
1770777661000.0,2.105,2.105,2.103,2.103,20.0,4206.000000029802,0.0,0.0,0.0,0.0
1770777673000.0,2.103,2.103,2.103,2.103,373.0,78441.9999999702,0.0,0.0,0.0,0.0
1770777676000.0,2.103,2.103,2.103,2.103,30.0,6309.0,0.0,0.0,0.0,0.0
1770777682000.0,2.103,2.103,2.103,2.103,3.0,631.0,0.0,0.0,0.0,0.0
1770777685000.0,2.103,2.103,2.103,2.103,307.0,64607.0,0.0,0.0,0.0,0.0
1770777688000.0,2.103,2.103,2.103,2.103,17.0,3575.0,0.0,0.0,0.0,0.0
1770777691000.0,2.103,2.105,2.103,2.105,1.0,211.0,0.0,0.0,0.0,0.0
1770777700000.0,2.105,2.105,2.105,2.105,107.0,22523.0,0.0,0.0,0.0,0.0
1770777706000.0,2.105,2.105,2.105,2.105,3.0,632.0000000298023,0.0,0.0,0.0,0.0
1770777709000.0,2.105,2.105,2.105,2.105,11.0,2314.9999999701977,0.0,0.0,0.0,0.0
1770777721000.0,2.105,2.105,2.105,2.105,887.0,186713.0,0.0,0.0,0.0,0.0
1770777724000.0,2.105,2.105,2.105,2.105,228.0,48016.0,0.0,0.0,0.0,0.0
1770777727000.0,2.105,2.106,2.105,2.106,3.0,632.0,0.0,0.0,0.0,0.0
1770777730000.0,2.106,2.106,2.106,2.106,7751.0,1632157.0,0.0,0.0,0.0,0.0
1770777733000.0,2.106,2.106,2.105,2.105,1161.0,244390.0,0.0,0.0,0.0,0.0
1770777742000.0,2.105,2.105,2.105,2.105,50.0,10525.0,0.0,0.0,0.0,0.0
1770777745000.0,2.105,2.105,2.104,2.104,1.0,211.00000002980232,0.0,0.0,0.0,0.0
1770777751000.0,2.104,2.105,2.104,2.105,11.0,2314.9999999701977,0.0,0.0,0.0,0.0
1770777772000.0,2.105,2.105,2.104,2.104,24.0,5050.0,0.0,0.0,0.0,0.0
1770777775000.0,2.104,2.104,2.104,2.104,54.0,11361.0,0.0,0.0,0.0,0.0
1770777781000.0,2.104,2.104,2.104,2.104,10.0,2102.9999999701977,0.0,0.0,0.0,0.0
1770777787000.0,2.104,2.105,2.104,2.105,50.0,10526.000000059605,0.0,0.0,0.0,0.0
1770777793000.0,2.105,2.105,2.105,2.105,1.0,210.99999997019768,0.0,0.0,0.0,0.0
1770777796000.0,2.105,2.105,2.105,2.105,245.0,51572.0,0.0,0.0,0.0,0.0
1770777799000.0,2.105,2.105,2.104,2.104,739.0,155493.0,0.0,0.0,0.0,0.0
1770777805000.0,2.104,2.104,2.104,2.104,1.0,210.0,0.0,0.0,0.0,0.0
1770777814000.0,2.104,2.104,2.104,2.104,85.0,17884.0,0.0,0.0,0.0,0.0
1770777820000.0,2.104,2.104,2.103,2.103,5.0,1052.0000000298023,0.0,0.0,0.0,0.0
1770777829000.0,2.103,2.104,2.103,2.104,200.0,42069.9999999702,0.0,0.0,0.0,0.0
1770777841000.0,2.104,2.104,2.103,2.103,1.0,210.0,0.0,0.0,0.0,0.0
1770777847000.0,2.103,2.104,2.103,2.104,2.0,421.0,0.0,0.0,0.0,0.0
1770777850000.0,2.104,2.104,2.103,2.103,6.0,1262.0,0.0,0.0,0.0,0.0
1770777856000.0,2.103,2.104,2.103,2.104,2.0,419.9999999701977,0.0,0.0,0.0,0.0
1770777862000.0,2.104,2.104,2.103,2.103,10.0,2104.0000000298023,0.0,0.0,0.0,0.0
1770777871000.0,2.103,2.104,2.103,2.104,73.0,15359.0,0.0,0.0,0.0,0.0
1770777889000.0,2.104,2.104,2.104,2.104,1098.0,231009.0,0.0,0.0,0.0,0.0
1770777898000.0,2.104,2.104,2.103,2.103,226.0,47528.0,0.0,0.0,0.0,0.0
1770777907000.0,2.103,2.105,2.103,2.105,1.0,210.0,0.0,0.0,0.0,0.0
1770777913000.0,2.105,2.105,2.103,2.103,344.0,72343.0000000298,0.0,0.0,0.0,0.0
1770777922000.0,2.103,2.105,2.103,2.105,11.0,2315.9999999701977,0.0,0.0,0.0,0.0
1770777925000.0,2.105,2.105,2.105,2.105,461.0,97040.0,0.0,0.0,0.0,0.0
1770777931000.0,2.105,2.105,2.104,2.104,2.0,419.9999999701977,0.0,0.0,0.0,0.0
1770777934000.0,2.104,2.104,2.103,2.103,220.0,46287.0000000298,0.0,0.0,0.0,0.0
1770777940000.0,2.103,2.103,2.103,2.103,75.0,15773.0,0.0,0.0,0.0,0.0
1770777946000.0,2.103,2.103,2.103,2.103,3.0,631.0,0.0,0.0,0.0,0.0
1770777949000.0,2.103,2.104,2.103,2.104,73.0,15359.0,0.0,0.0,0.0,0.0
1770777952000.0,2.104,2.104,2.103,2.103,40.0,8412.0,0.0,0.0,0.0,0.0
1770777967000.0,2.103,2.104,2.103,2.104,2.0,421.0,0.0,0.0,0.0,0.0
1770777970000.0,2.104,2.104,2.104,2.104,109.0,22933.0,0.0,0.0,0.0,0.0
1770777973000.0,2.104,2.104,2.103,2.103,36.0,7572.000000029802,0.0,0.0,0.0,0.0
1770777976000.0,2.103,2.103,2.103,2.103,1998.0,420179.0,0.0,0.0,0.0,0.0
1770777985000.0,2.103,2.103,2.102,2.102,684.0,143776.9999999702,0.0,0.0,0.0,0.0
1770777988000.0,2.102,2.102,2.102,2.102,401.0,84290.0,0.0,0.0,0.0,0.0
1770777997000.0,2.102,2.102,2.101,2.101,2022.0,424823.0,0.0,0.0,0.0,0.0
1770778000000.0,2.101,2.101,2.101,2.101,695.0,146019.0,0.0,0.0,0.0,0.0
1770778003000.0,2.101,2.102,2.101,2.102,2056.0,431967.0000000298,0.0,0.0,0.0,0.0
1770778006000.0,2.102,2.102,2.101,2.101,40.0,8403.999999970198,0.0,0.0,0.0,0.0
1770778009000.0,2.101,2.101,2.101,2.101,88.0,18489.0,0.0,0.0,0.0,0.0
1770778012000.0,2.101,2.101,2.101,2.101,1604.0,337000.0,0.0,0.0,0.0,0.0
1770778015000.0,2.101,2.101,2.1,2.1,1690.0,355065.0,0.0,0.0,0.0,0.0
1770778018000.0,2.1,2.1,2.1,2.1,113.0,23734.0,0.0,0.0,0.0,0.0
1770778024000.0,2.1,2.102,2.1,2.102,124.0,26058.999999970198,0.0,0.0,0.0,0.0
1770778027000.0,2.102,2.102,2.1,2.1,2.0,421.00000005960464,0.0,0.0,0.0,0.0
1770778033000.0,2.1,2.1,2.1,2.1,1962.0,412020.0,0.0,0.0,0.0,0.0
1770778039000.0,2.1,2.101,2.1,2.101,51.0,10714.999999970198,0.0,0.0,0.0,0.0
1770778042000.0,2.101,2.101,2.1,2.1,1015.0,213148.9999999702,0.0,0.0,0.0,0.0
1770778045000.0,2.1,2.1,2.1,2.1,42.0,8821.000000029802,0.0,0.0,0.0,0.0
1770778048000.0,2.1,2.1,2.1,2.1,4999.0,1049790.0000000298,0.0,0.0,0.0,0.0
1770778051000.0,2.1,2.1,2.1,2.1,20.0,4200.0,0.0,0.0,0.0,0.0
1770778054000.0,2.1,2.1,2.1,2.1,5.0,1049.9999999701977,0.0,0.0,0.0,0.0
1770778057000.0,2.1,2.1,2.1,2.1,3193.0,670530.0,0.0,0.0,0.0,0.0
1770778063000.0,2.1,2.1,2.1,2.1,172.0,36120.0,0.0,0.0,0.0,0.0
1770778066000.0,2.1,2.1,2.1,2.1,5.0,1050.0000000298023,0.0,0.0,0.0,0.0
1770778069000.0,2.1,2.1,2.1,2.1,2.0,419.9999999701977,0.0,0.0,0.0,0.0
1770778072000.0,2.1,2.1,2.1,2.1,5008.0,1051680.0,0.0,0.0,0.0,0.0
1770778075000.0,2.1,2.1,2.1,2.1,2.0,420.0,0.0,0.0,0.0,0.0
1770778087000.0,2.1,2.1,2.1,2.1,6.0,1260.0,0.0,0.0,0.0,0.0
1770778093000.0,2.1,2.1,2.1,2.1,67.0,14070.0,0.0,0.0,0.0,0.0
1770778102000.0,2.1,2.1,2.1,2.1,73.0,15328.999999970198,0.0,0.0,0.0,0.0
1770778108000.0,2.1,2.1,2.099,2.099,130.0,27289.000000059605,0.0,0.0,0.0,0.0
1770778111000.0,2.099,2.099,2.099,2.099,1.0,210.0,0.0,0.0,0.0,0.0
1770778114000.0,2.099,2.099,2.099,2.099,1.0,209.99999997019768,0.0,0.0,0.0,0.0
1770778123000.0,2.099,2.099,2.098,2.098,20.0,4196.0,0.0,0.0,0.0,0.0
1770778126000.0,2.098,2.098,2.098,2.098,4.0,839.0,0.0,0.0,0.0,0.0
1770778132000.0,2.098,2.098,2.097,2.097,51.0,10705.0,0.0,0.0,0.0,0.0
1770778135000.0,2.097,2.097,2.097,2.097,20.0,4194.0,0.0,0.0,0.0,0.0
1770778138000.0,2.097,2.098,2.097,2.098,20.0,4196.0,0.0,0.0,0.0,0.0
1770778141000.0,2.098,2.098,2.097,2.097,143.0,29987.0,0.0,0.0,0.0,0.0
1770778144000.0,2.097,2.097,2.097,2.097,10.0,2097.0000000298023,0.0,0.0,0.0,0.0
1770778147000.0,2.097,2.098,2.097,2.098,2.0,418.9999999701977,0.0,0.0,0.0,0.0
1770778150000.0,2.098,2.098,2.097,2.097,60.0,12582.0,0.0,0.0,0.0,0.0
1770778153000.0,2.097,2.098,2.097,2.098,7.0,1469.0,0.0,0.0,0.0,0.0
1770778156000.0,2.098,2.098,2.098,2.098,93.0,19511.0,0.0,0.0,0.0,0.0
1770778162000.0,2.098,2.098,2.098,2.098,120.0,25176.0,0.0,0.0,0.0,0.0
1770778168000.0,2.098,2.098,2.098,2.098,36.0,7552.000000029802,0.0,0.0,0.0,0.0
1770778177000.0,2.098,2.099,2.098,2.099,8.0,1679.0,0.0,0.0,0.0,0.0
1770778180000.0,2.099,2.099,2.099,2.099,11.0,2308.9999999701977,0.0,0.0,0.0,0.0
1770778183000.0,2.099,2.1,2.099,2.1,305.0,64050.0,0.0,0.0,0.0,0.0
1770778186000.0,2.1,2.1,2.1,2.1,33.0,6930.0,0.0,0.0,0.0,0.0
1770778189000.0,2.1,2.1,2.1,2.1,5.0,1050.0000000298023,0.0,0.0,0.0,0.0
1770778198000.0,2.1,2.101,2.1,2.101,15.0,3151.9999999701977,0.0,0.0,0.0,0.0
1770778201000.0,2.101,2.101,2.101,2.101,200.0,42020.0000000298,0.0,0.0,0.0,0.0
1770778204000.0,2.101,2.101,2.101,2.101,108.0,22689.999999970198,0.0,0.0,0.0,0.0
1770778207000.0,2.101,2.101,2.1,2.1,22.0,4622.0,0.0,0.0,0.0,0.0
1770778216000.0,2.1,2.1,2.1,2.1,24.0,5042.0,0.0,0.0,0.0,0.0
1770778219000.0,2.1,2.101,2.1,2.101,50.0,10505.0,0.0,0.0,0.0,0.0
1770778225000.0,2.101,2.102,2.101,2.102,57.0,11980.0,0.0,0.0,0.0,0.0
1770778228000.0,2.102,2.102,2.101,2.101,1.0,210.0,0.0,0.0,0.0,0.0
1770778231000.0,2.101,2.102,2.101,2.102,42.0,8829.000000029802,0.0,0.0,0.0,0.0
1770778237000.0,2.102,2.102,2.102,2.102,566.0,118972.9999999702,0.0,0.0,0.0,0.0
1770778246000.0,2.102,2.102,2.102,2.102,7.0,1472.0,0.0,0.0,0.0,0.0
1770778249000.0,2.102,2.102,2.102,2.102,1.0,210.0,0.0,0.0,0.0,0.0
1770778252000.0,2.102,2.102,2.101,2.101,30.0,6303.0,0.0,0.0,0.0,0.0
1770778264000.0,2.101,2.104,2.101,2.104,55.0,11571.0,0.0,0.0,0.0,0.0
1770778267000.0,2.104,2.104,2.103,2.103,50.0,10515.0,0.0,0.0,0.0,0.0
1770778273000.0,2.103,2.105,2.103,2.105,1.0,209.99999997019768,0.0,0.0,0.0,0.0
1770778276000.0,2.105,2.105,2.104,2.104,10.0,2105.0000000298023,0.0,0.0,0.0,0.0
1770778285000.0,2.104,2.104,2.104,2.104,9.0,1894.0,0.0,0.0,0.0,0.0
1770778288000.0,2.104,2.105,2.104,2.105,10.0,2105.0,0.0,0.0,0.0,0.0
1770778291000.0,2.105,2.105,2.105,2.105,90.0,18945.000000029802,0.0,0.0,0.0,0.0
1770778294000.0,2.105,2.105,2.104,2.104,10.0,2104.0,0.0,0.0,0.0,0.0
1770778297000.0,2.104,2.105,2.104,2.105,27.0,5682.999999970198,0.0,0.0,0.0,0.0
1770778300000.0,2.105,2.105,2.105,2.105,36.0,7578.0,0.0,0.0,0.0,0.0
1770778303000.0,2.105,2.106,2.105,2.106,25.0,5265.0,0.0,0.0,0.0,0.0
1770778306000.0,2.106,2.106,2.105,2.105,11.0,2316.0,0.0,0.0,0.0,0.0
1770778309000.0,2.105,2.106,2.105,2.106,86.0,18117.0,0.0,0.0,0.0,0.0
1770778312000.0,2.106,2.106,2.106,2.106,1.0,211.0,0.0,0.0,0.0,0.0
1770778315000.0,2.106,2.106,2.106,2.106,103.0,21692.0,0.0,0.0,0.0,0.0
1770778318000.0,2.106,2.106,2.106,2.106,3.0,632.0,0.0,0.0,0.0,0.0
1770778321000.0,2.106,2.106,2.106,2.106,2.0,421.0,0.0,0.0,0.0,0.0
1770778324000.0,2.106,2.106,2.105,2.105,24.0,5053.0,0.0,0.0,0.0,0.0
1770778327000.0,2.105,2.106,2.105,2.106,73.0,15374.0,0.0,0.0,0.0,0.0
1770778330000.0,2.106,2.106,2.105,2.105,4800.0,1010400.0000000298,0.0,0.0,0.0,0.0
1770778336000.0,2.105,2.106,2.105,2.106,1.0,210.0,0.0,0.0,0.0,0.0
1770778339000.0,2.106,2.106,2.106,2.106,5.0,1051.9999999403954,0.0,0.0,0.0,0.0
1770778342000.0,2.106,2.106,2.106,2.106,42.0,8847.000000059605,0.0,0.0,0.0,0.0
1770778351000.0,2.106,2.106,2.106,2.106,5.0,1052.9999999701977,0.0,0.0,0.0,0.0
1770778357000.0,2.106,2.106,2.106,2.106,166.0,34957.9999999702,0.0,0.0,0.0,0.0
1770778369000.0,2.106,2.106,2.106,2.106,2288.0,481854.0000000298,0.0,0.0,0.0,0.0
1770778372000.0,2.106,2.106,2.106,2.106,5074.0,1068577.0,0.0,0.0,0.0,0.0
1770778375000.0,2.106,2.106,2.106,2.106,2121.0,446683.0,0.0,0.0,0.0,0.0
1770778378000.0,2.106,2.106,2.105,2.105,27.0,5681.999999970198,0.0,0.0,0.0,0.0
1770778381000.0,2.105,2.106,2.105,2.106,149.0,31366.000000029802,0.0,0.0,0.0,0.0
1770778387000.0,2.106,2.106,2.106,2.106,50.0,10530.0,0.0,0.0,0.0,0.0
1770778390000.0,2.106,2.106,2.106,2.106,1000.0,210600.0,0.0,0.0,0.0,0.0
1770778393000.0,2.106,2.106,2.106,2.106,104.0,21903.0,0.0,0.0,0.0,0.0
1770778399000.0,2.106,2.106,2.106,2.106,215.0,45277.9999999702,0.0,0.0,0.0,0.0
1770778402000.0,2.106,2.106,2.106,2.106,74.0,15585.000000029802,0.0,0.0,0.0,0.0
1770778408000.0,2.106,2.106,2.106,2.106,8158.0,1718075.0,0.0,0.0,0.0,0.0
1770778411000.0,2.106,2.106,2.106,2.106,2938.0,618743.0,0.0,0.0,0.0,0.0
1770778414000.0,2.106,2.106,2.106,2.106,509.0,107195.0,0.0,0.0,0.0,0.0
1770778417000.0,2.106,2.106,2.106,2.106,1554.0,327272.0000000298,0.0,0.0,0.0,0.0
1770778426000.0,2.106,2.107,2.106,2.107,24.0,5056.999999970198,0.0,0.0,0.0,0.0
1770778432000.0,2.107,2.107,2.107,2.107,794.0,167296.0,0.0,0.0,0.0,0.0
1770778444000.0,2.107,2.108,2.107,2.108,67.0,14122.000000029802,0.0,0.0,0.0,0.0
1770778447000.0,2.108,2.108,2.108,2.108,2.0,421.9999999701977,0.0,0.0,0.0,0.0
1770778453000.0,2.108,2.108,2.108,2.108,121.0,25506.0,0.0,0.0,0.0,0.0
1770778459000.0,2.108,2.108,2.108,2.108,29.0,6114.0,0.0,0.0,0.0,0.0
1770778462000.0,2.108,2.108,2.107,2.107,30.0,6321.000000029802,0.0,0.0,0.0,0.0
1770778471000.0,2.107,2.108,2.107,2.108,3982.0,839405.0,0.0,0.0,0.0,0.0
1770778474000.0,2.108,2.108,2.108,2.108,50.0,10540.0,0.0,0.0,0.0,0.0
1770778477000.0,2.108,2.108,2.108,2.108,10270.0,2164915.99999997,0.0,0.0,0.0,0.0
1770778480000.0,2.108,2.108,2.108,2.108,527.0,111092.0000000298,0.0,0.0,0.0,0.0
1770778486000.0,2.108,2.108,2.108,2.108,70.0,14755.999999970198,0.0,0.0,0.0,0.0
1770778489000.0,2.108,2.109,2.108,2.109,1260.0,265619.0,0.0,0.0,0.0,0.0
1770778492000.0,2.109,2.11,2.109,2.11,1458.0,307638.0000000298,0.0,0.0,0.0,0.0
1770778495000.0,2.11,2.11,2.11,2.11,2364.0,498789.0,0.0,0.0,0.0,0.0
1770778504000.0,2.11,2.11,2.109,2.109,115.0,24262.0,0.0,0.0,0.0,0.0
1770778507000.0,2.109,2.109,2.109,2.109,54.0,11388.999999970198,0.0,0.0,0.0,0.0
1770778510000.0,2.109,2.109,2.109,2.109,10.0,2109.0,0.0,0.0,0.0,0.0
1770778513000.0,2.109,2.109,2.109,2.109,133.0,28050.0,0.0,0.0,0.0,0.0
1770778516000.0,2.109,2.109,2.108,2.108,55.0,11594.0,0.0,0.0,0.0,0.0
1770778522000.0,2.108,2.108,2.108,2.108,7.0,1475.0,0.0,0.0,0.0,0.0
1770778525000.0,2.108,2.108,2.108,2.108,165.0,34782.0,0.0,0.0,0.0,0.0
1770778531000.0,2.108,2.108,2.107,2.107,2456.0,517479.0,0.0,0.0,0.0,0.0
1770778540000.0,2.107,2.107,2.106,2.106,160.0,33696.0000000298,0.0,0.0,0.0,0.0
1770778543000.0,2.106,2.108,2.106,2.108,5078.0,1070442.9999999702,0.0,0.0,0.0,0.0
1770778552000.0,2.108,2.108,2.107,2.107,3.0,632.0,0.0,0.0,0.0,0.0
1770778555000.0,2.107,2.108,2.107,2.108,3243.0,683624.0,0.0,0.0,0.0,0.0
1770778558000.0,2.108,2.108,2.107,2.107,76.0,16011.999999970198,0.0,0.0,0.0,0.0
1770778564000.0,2.107,2.107,2.106,2.106,1.0,211.0,0.0,0.0,0.0,0.0
1770778567000.0,2.106,2.106,2.106,2.106,1.0,210.0,0.0,0.0,0.0,0.0
1770778573000.0,2.106,2.106,2.104,2.104,2487.0,523266.0000000298,0.0,0.0,0.0,0.0
1770778579000.0,2.104,2.104,2.104,2.104,42.0,8835.999999970198,0.0,0.0,0.0,0.0
1770778594000.0,2.104,2.105,2.104,2.105,11.0,2317.0000000596046,0.0,0.0,0.0,0.0
1770778597000.0,2.105,2.106,2.105,2.106,45.0,9475.999999940395,0.0,0.0,0.0,0.0
1770778606000.0,2.106,2.106,2.106,2.106,9.0,1896.0000000298023,0.0,0.0,0.0,0.0
1770778612000.0,2.106,2.106,2.106,2.106,32.0,6739.000000029802,0.0,0.0,0.0,0.0
1770778618000.0,2.106,2.107,2.106,2.107,1.0,211.0,0.0,0.0,0.0,0.0
1770778621000.0,2.107,2.107,2.106,2.106,49.0,10318.999999970198,0.0,0.0,0.0,0.0
1770778624000.0,2.106,2.106,2.106,2.106,5.0,1053.0,0.0,0.0,0.0,0.0
1770778627000.0,2.106,2.106,2.106,2.106,3481.0,733099.0,0.0,0.0,0.0,0.0
1770778630000.0,2.106,2.106,2.106,2.106,1881.0,396139.0000000298,0.0,0.0,0.0,0.0
1770778633000.0,2.106,2.107,2.106,2.107,72.0,15168.999999940395,0.0,0.0,0.0,0.0
1770778636000.0,2.107,2.107,2.107,2.107,1176.0,247784.0000000596,0.0,0.0,0.0,0.0
1770778639000.0,2.107,2.107,2.107,2.107,3.0,631.9999999701977,0.0,0.0,0.0,0.0
1770778642000.0,2.107,2.108,2.107,2.108,50.0,10538.999999970198,0.0,0.0,0.0,0.0
1770778645000.0,2.108,2.108,2.108,2.108,4.0,845.0000000298023,0.0,0.0,0.0,0.0
1770778657000.0,2.108,2.108,2.108,2.108,25.0,5270.0,0.0,0.0,0.0,0.0
1770778660000.0,2.108,2.108,2.108,2.108,39.0,8219.999999970198,0.0,0.0,0.0,0.0
1770778666000.0,2.108,2.108,2.107,2.107,1.0,211.00000002980232,0.0,0.0,0.0,0.0
1770778684000.0,2.107,2.107,2.107,2.107,15.0,3161.0,0.0,0.0,0.0,0.0
1770778687000.0,2.107,2.108,2.107,2.108,110.0,23188.0,0.0,0.0,0.0,0.0
1770778690000.0,2.108,2.108,2.107,2.107,75.0,15802.0,0.0,0.0,0.0,0.0
1770778693000.0,2.107,2.107,2.107,2.107,10.0,2107.0,0.0,0.0,0.0,0.0
1770778708000.0,2.107,2.108,2.107,2.108,73.0,15389.0,0.0,0.0,0.0,0.0
1770778714000.0,2.108,2.108,2.107,2.107,10.0,2107.0,0.0,0.0,0.0,0.0
1770778720000.0,2.107,2.108,2.107,2.108,21.0,4427.0,0.0,0.0,0.0,0.0
1770778726000.0,2.108,2.108,2.108,2.108,613.0,129220.0000000298,0.0,0.0,0.0,0.0
1770778744000.0,2.108,2.108,2.108,2.108,30.0,6323.999999970198,0.0,0.0,0.0,0.0
1770778747000.0,2.108,2.108,2.108,2.108,2.0,422.0,0.0,0.0,0.0,0.0
1770778753000.0,2.108,2.108,2.108,2.108,5.0,1054.0,0.0,0.0,0.0,0.0
1770778756000.0,2.108,2.108,2.107,2.107,634.0,133583.0000000298,0.0,0.0,0.0,0.0
1770778762000.0,2.107,2.107,2.106,2.106,2.0,421.9999999701977,0.0,0.0,0.0,0.0
1770778768000.0,2.106,2.107,2.106,2.107,110.0,23177.0,0.0,0.0,0.0,0.0
1770778771000.0,2.107,2.107,2.106,2.106,1.0,210.0,0.0,0.0,0.0,0.0
1770778774000.0,2.106,2.108,2.106,2.108,2819.0,594156.0000000298,0.0,0.0,0.0,0.0
1770778777000.0,2.108,2.108,2.106,2.106,59.0,12424.999999970198,0.0,0.0,0.0,0.0
1770778780000.0,2.106,2.106,2.106,2.106,107.0,22542.000000029802,0.0,0.0,0.0,0.0
1770778786000.0,2.106,2.106,2.105,2.105,2120.0,446259.9999999702,0.0,0.0,0.0,0.0
1770778789000.0,2.105,2.106,2.105,2.106,51.0,10735.000000029802,0.0,0.0,0.0,0.0
1770778792000.0,2.106,2.106,2.106,2.106,991.0,208607.0,0.0,0.0,0.0,0.0
1770778795000.0,2.106,2.106,2.105,2.105,1000.0,210500.0,0.0,0.0,0.0,0.0
1770778798000.0,2.105,2.105,2.105,2.105,82.0,17259.999999940395,0.0,0.0,0.0,0.0
1770778801000.0,2.105,2.105,2.105,2.105,1.0,211.00000002980232,0.0,0.0,0.0,0.0
1770778804000.0,2.105,2.105,2.103,2.103,6.0,1262.0,0.0,0.0,0.0,0.0
1770778810000.0,2.103,2.105,2.103,2.105,48.0,10104.0,0.0,0.0,0.0,0.0
1770778813000.0,2.105,2.105,2.105,2.105,174.0,36627.0000000298,0.0,0.0,0.0,0.0
1770778816000.0,2.105,2.105,2.103,2.103,214.0,45045.9999999702,0.0,0.0,0.0,0.0
1770778819000.0,2.103,2.103,2.103,2.103,49.0,10302.999999970198,0.0,0.0,0.0,0.0
1770778822000.0,2.103,2.103,2.103,2.103,80.0,16825.000000059605,0.0,0.0,0.0,0.0
1770778828000.0,2.103,2.103,2.103,2.103,20.0,4205.999999970198,0.0,0.0,0.0,0.0
1770778837000.0,2.103,2.103,2.103,2.103,4.0,842.0,0.0,0.0,0.0,0.0
1770778843000.0,2.103,2.103,2.102,2.102,73.0,15344.000000029802,0.0,0.0,0.0,0.0
1770778846000.0,2.102,2.105,2.102,2.105,50.0,10524.999999970198,0.0,0.0,0.0,0.0
1770778849000.0,2.105,2.105,2.104,2.104,54.0,11362.000000029802,0.0,0.0,0.0,0.0
1770778861000.0,2.104,2.104,2.104,2.104,75.0,15778.999999940395,0.0,0.0,0.0,0.0
1770778867000.0,2.104,2.104,2.104,2.104,2.0,422.00000005960464,0.0,0.0,0.0,0.0
1770778870000.0,2.104,2.104,2.103,2.103,1.0,210.0,0.0,0.0,0.0,0.0
1770778885000.0,2.103,2.104,2.103,2.104,100.0,21039.999999970198,0.0,0.0,0.0,0.0
1770778888000.0,2.104,2.104,2.103,2.103,1.0,210.0,0.0,0.0,0.0,0.0
1770778912000.0,2.103,2.103,2.103,2.103,4.0,842.0000000298023,0.0,0.0,0.0,0.0
1770778924000.0,2.103,2.104,2.103,2.104,105.0,22092.0,0.0,0.0,0.0,0.0
1770778927000.0,2.104,2.104,2.103,2.103,78.0,16403.0,0.0,0.0,0.0,0.0
1770778936000.0,2.103,2.104,2.103,2.104,74.0,15569.999999970198,0.0,0.0,0.0,0.0
1770778945000.0,2.104,2.104,2.103,2.103,50.0,10515.000000029802,0.0,0.0,0.0,0.0
1770778951000.0,2.103,2.103,2.103,2.103,5.0,1050.9999999701977,0.0,0.0,0.0,0.0
1770778960000.0,2.103,2.103,2.103,2.103,11.0,2316.0,0.0,0.0,0.0,0.0
1770778969000.0,2.103,2.103,2.103,2.103,50.0,10513.999999970198,0.0,0.0,0.0,0.0
1770778972000.0,2.103,2.103,2.103,2.103,25.0,5258.000000029802,0.0,0.0,0.0,0.0
1770778978000.0,2.103,2.103,2.103,2.103,18.0,3787.0,0.0,0.0,0.0,0.0
1770778990000.0,2.103,2.104,2.103,2.104,50.0,10520.0,0.0,0.0,0.0,0.0
1770778993000.0,2.104,2.104,2.104,2.104,2.0,421.0,0.0,0.0,0.0,0.0
1770779005000.0,2.104,2.104,2.104,2.104,1.0,208.99999997019768,0.0,0.0,0.0,0.0
1770779008000.0,2.104,2.104,2.104,2.104,1.0,212.00000002980232,0.0,0.0,0.0,0.0
1770779011000.0,2.104,2.104,2.103,2.103,6.0,1262.0,0.0,0.0,0.0,0.0
1770779014000.0,2.103,2.104,2.103,2.104,72.0,15148.000000029802,0.0,0.0,0.0,0.0
1770779017000.0,2.104,2.104,2.103,2.103,1.0,210.99999997019768,0.0,0.0,0.0,0.0
1770779026000.0,2.103,2.103,2.103,2.103,32.0,6729.0,0.0,0.0,0.0,0.0
1770779035000.0,2.103,2.103,2.103,2.103,100.0,21030.0,0.0,0.0,0.0,0.0
1770779038000.0,2.103,2.103,2.103,2.103,42.0,8833.0,0.0,0.0,0.0,0.0
1770779044000.0,2.103,2.104,2.103,2.104,53.0,11149.999999970198,0.0,0.0,0.0,0.0
1770779047000.0,2.104,2.104,2.104,2.104,2.0,421.0000000298023,0.0,0.0,0.0,0.0
1770779062000.0,2.104,2.104,2.103,2.103,23.0,4837.0,0.0,0.0,0.0,0.0
1770779068000.0,2.103,2.103,2.103,2.103,26.0,5468.0,0.0,0.0,0.0,0.0
1770779071000.0,2.103,2.103,2.103,2.103,981.0,206304.0000000298,0.0,0.0,0.0,0.0
1770779074000.0,2.103,2.103,2.103,2.103,1.0,211.0,0.0,0.0,0.0,0.0
1770779083000.0,2.103,2.104,2.103,2.104,22.0,4627.999999970198,0.0,0.0,0.0,0.0
1770779086000.0,2.104,2.104,2.104,2.104,50.0,10516.0,0.0,0.0,0.0,0.0
1770779089000.0,2.104,2.104,2.104,2.104,72.0,15149.0,0.0,0.0,0.0,0.0
1770779092000.0,2.104,2.104,2.103,2.103,412.0,86643.0000000298,0.0,0.0,0.0,0.0
1770779098000.0,2.103,2.103,2.103,2.103,7.0,1471.9999999701977,0.0,0.0,0.0,0.0
1770779101000.0,2.103,2.103,2.103,2.103,164.0,34489.0,0.0,0.0,0.0,0.0
1770779107000.0,2.103,2.104,2.103,2.104,2.0,421.0000000298023,0.0,0.0,0.0,0.0
1770779110000.0,2.104,2.104,2.103,2.103,1.0,211.0,0.0,0.0,0.0,0.0
1770779113000.0,2.103,2.103,2.103,2.103,34.0,7149.999999970198,0.0,0.0,0.0,0.0
1770779119000.0,2.103,2.103,2.103,2.103,2.0,418.9999999701977,0.0,0.0,0.0,0.0
1770779122000.0,2.103,2.103,2.103,2.103,52.0,10937.000000029802,0.0,0.0,0.0,0.0
1770779125000.0,2.103,2.103,2.103,2.103,51.0,10725.0,0.0,0.0,0.0,0.0
1770779128000.0,2.103,2.103,2.103,2.103,38.0,7992.0,0.0,0.0,0.0,0.0
1770779131000.0,2.103,2.103,2.103,2.103,7.0,1472.0,0.0,0.0,0.0,0.0
1770779134000.0,2.103,2.103,2.102,2.102,364.0,76549.0,0.0,0.0,0.0,0.0
1770779149000.0,2.102,2.103,2.102,2.103,110.0,23133.0,0.0,0.0,0.0,0.0
1770779167000.0,2.103,2.103,2.101,2.101,3.0,628.9999999701977,0.0,0.0,0.0,0.0
1770779170000.0,2.101,2.101,2.101,2.101,157.0,33015.0000000298,0.0,0.0,0.0,0.0
1770779173000.0,2.101,2.102,2.101,2.102,209.0,43930.9999999702,0.0,0.0,0.0,0.0
1770779191000.0,2.102,2.102,2.101,2.101,16.0,3362.0000000298023,0.0,0.0,0.0,0.0
